@Manual{iso-square-25010-2011,
    author = {{ISO/IEC}},
    publisher = {ISO/IEC},
    title = {{ISO/IEC 25010 - Systems and software engineering - Systems and software Quality Requirements and Evaluation (SQuaRE) - System and software quality models}},
    note =      {ISO/IEC 13211-1},
    year = {2011}
}

@book{SommervilleSE,
  abstract = {The book presents a broad perspective on software systems engineering, concentrating on widely used techniques for developing large-scale systems. Building on the widely acclaimed strengths of the 8th edition, the 9th edition updates readers with the latest developments in the field while remaining the most current Software Engineering text in the market with quality trusted coverage and practical case studies. This text is structured into 6 parts: Introduction; Requirements Engineering; Design; Software Development; Verification and Validation; Management. An up-to-date reference for software engineers.},
  added-at = {2012-05-30T11:07:40.000+0200},
  address = {Harlow, England},
  author = {Sommerville, Ian},
  biburl = {http://www.bibsonomy.org/bibtex/2094b37a4bb8b242d7694cdc9142e0d80/flint63},
  edition = 9,
  file = {Amazon Search inside:http\://www.amazon.de/gp/reader/0137035152/:URL;Google Books:http\://books.google.de/books?isbn=978-0-13-703515-1:URL},
  groups = {public},
  interhash = {3cb472cdd9d5e4f37480b38846de450e},
  intrahash = {094b37a4bb8b242d7694cdc9142e0d80},
  isbn = {978-0-13-703515-1},
  keywords = {v1205 book software engineering},
  publisher = {Addison-Wesley},
  timestamp = {2012-05-30T11:07:40.000+0200},
  title = {Software Engineering},
  username = {flint63},
  year = 2010
}

@book{Page-Jones:2000:FOD,
 author = {Page-Jones, Meilir},
 title = {Fundamentals of Object-oriented Design in UML},
 year = {2000},
 isbn = {0-201-69946-X},
 publisher = {Addison-Wesley Longman Publishing Co., Inc.},
 address = {Boston, MA, USA},
} 



