@article{Lu-OMBPV-09,
 author = {Lu, Ruopeng and Sadiq, Shazia and Governatori, Guido},
 title = {On managing business processes variants},
 journal = {Data Knowl. Eng.},
 volume = {68},
 number = {7},
 year = {2009},
 pages = {642--664},
 publisher = {Elsevier Science Publishers B. V.},
 address = {Amsterdam, The Netherlands, The Netherlands}
 }


@inproceedings{fleurey-MVDA-08,
  author    = {Franck Fleurey and
               Vegard Dehlen and
               Nelly Bencomo and
               Brice Morin and
               Jean-Marc J{\'e}z{\'e}quel},
  title     = {Modeling and Validating Dynamic Adaptation},
  booktitle = {MoDELS Workshops},
  year      = {2008},
  pages     = {97-108}
}


@inbook{Nemeth-REBN-08,
    author = {Nemeth, Christopher P.},
    booktitle = {Resilience Engineering Perspectives: Remaining Sensitive to the Possibility of Failure},
    chapter = {2},
    editor = {Hollnagel, Erik and Nemeth, Christopher P. and Dekker, Sidney},
    howpublished = {Hardcover},
    pages = {3--9},
    publisher = {Ashgate Publishing},
    title = {Resilience Engineering: The Birth of a Notion},
    volume = {1},
    year = {2008}
}

@article{Hamel-QR-03,
    author = {Hamel, G. and Valikangas, L.},
    journal = {Harvard business review},
    number = {9},
    pages = {52--63},
    title = {The quest for resilience.},
    volume = {81},
    year = {2003}
}

@article{Ungar-RAC-08,
    author = {Ungar, Michael},
    journal = {Br J Soc Work},
    month = {February},
    number = {2},
    pages = {218--235},
    title = {Resilience across Cultures},
    volume = {38},
    year = {2008}
}

@Book{Hollnagel-RECP-06,
    month = {April},
    publisher = {Ashgate Publishing},
  editor = {Erik Hollnagel and  D. Woods and Nancy Leveson},
    title = {Resilience Engineering: Concepts And Precepts},
    year = {2006}
}

@article{Simoncini-PDPS-09,
author = {Luca Simoncini},
title = {Resilient computing: An engineering discipline},
journal ={Parallel and Distributed Processing Symposium, International},
volume = {0},
year = {2009},
pages = {1},
publisher = {IEEE Computer Society},
address = {Los Alamitos, CA, USA},
}

@inproceedings{Laprie-DSN-08,
author = {Jean-Claude Laprie},
title = {From dependability to resilience},
  year = {2008},
  publisher = {IEEE/IFIP},
  booktitle = {Proceedings of the IEEE/IFIP International Conference on Dependable Systems and Networks, DSN - Fast Abstracts}
}

@inproceedings{Cheng-dagstuhl09,
  author = {Betty Cheng and al.},
  booktitle = {Software Engineering for Self-Adaptive Systems},
  editor = {Betty H. C. Cheng and RogÈrio de Lemos and Holger Giese and Paola Inverardi and Jeff Magee},
  pages = {1-26},
  publisher = {Springer},
  series = {Lecture Notes in Computer Science},
  title = {Software Engineering for Self-Adaptive Systems: A Research Roadmap.},
  volume = 5525,
  year = 2009
}

@article{DBLP:journals/stvr/Neil95,
  author    = {Martin Neil},
  title     = {Metrics and Models in Software Quality Engineering, by Stephen
               H. Kan, Addison-Wesley, 1995 (Book Review)},
  journal   = {Softw. Test., Verif. Reliab.},
  volume    = {5},
  number    = {4},
  year      = {1995},
  pages     = {273-275}
}

@article {alqutaish-JAS-10,
  title            = "Quality Models in Software Engineering Literature: An Analytical and Comparative Study,",
  year             = "2010",
  author           = "Rafa E Al-Qutaish",
  journal          = "Journal of American Science, Marsland Press, Michigan, USA,",
  volume           = "Vol. 6, No. 3",
  pages            = "166-175.",
}

@inproceedings{Schneidewind-METRICS-97,
  author    = {Norman F. Schneidewind},
  title     = {Software Metrics Model For Quality Control},
  booktitle     = {4th IEEE International Software Metrics Symposium (METRICS
               1997), November 5-7, 1997, Albuquerque, NM, USA},
  publisher = {IEEE Computer Society},
  year      = {1997},
  pages     = {127-136},
 }

@techreport{IEEE-STD-1061-1998,
    journal = {IEEE Std 1061-1998},
     month = {December},
    title = {IEEE standard for a software quality metrics methodology},
    year = {1998}
}

@INPROCEEDINGS{Chulani-SMS-03,
author={Chulani, S. and Ray, B. and Santhanam, P. and Leszkowicz, R.},
journal={Software Metrics Symposium, 2003. Proceedings. Ninth International}, title={Metrics for managing customer view of software quality},
year={2003},
month={sep.},
volume={},
number={},
pages={ 189 - 198},
}

@ARTICLE{Schneidewind-TSE-99,
author={Schneidewind, N.F.},
journal={Software Engineering, IEEE Transactions on}, 
title={Measuring and evaluating maintenance process using reliability, risk, and test metrics},
year={1999},
month={nov.},
volume={25},
number={6},
pages={769 -781}
}

@ARTICLE{Fenton-TSE-94,
author={Fenton, N.},
journal={Software Engineering, IEEE Transactions on}, title={Software measurement: a necessary scientific basis},
year={1994},
month={mar.},
volume={20},
number={3},
pages={199 -206},
}


@ARTICLE{Weerahandi-TSE-94,
author={Weerahandi, S. and Hausman, R.E.},
journal={Software Engineering, IEEE Transactions on}, 
title={Software quality measurement based on fault-detection data},
year={1994},
month={sep.},
volume={20},
number={9},
pages={665 -676},
}

@ARTICLE{Tian-IEEE-Soft-04,
author={Tian, J.},
journal={Software, IEEE}, title={Quality-evaluation models and measurements},
year={2004},
month={may.},
volume={21},
number={3},
pages={ 84 - 91},
}

@book{Kan-MMSQE-02,
 author = {Kan, Stephen H.},
 title = {Metrics and Models in Software Quality Engineering},
 publisher = {Addison-Wesley Longman Publishing Co., Inc.},
 year = {2002},
 }

@book{Kelvin-PLAA-1889,
author = { Kelvin, William Thomson, },
title = { Popular lectures and addresses [microform] / by Sir William Thomson },
publisher = { Macmillan, London ; New York },
pages = { 3 v. : },
year = { 1889 },
type = { Book, Microform },
}

@inproceedings{Hamlet-issta-96,
 author = {Hamlet, Dick},
 title = {Predicting dependability by testing},
 booktitle = {ISSTA '96: Proceedings of the 1996 ACM SIGSOFT international symposium on Software testing and analysis},
 year = {1996},
 pages = {84--91},
 publisher = {ACM},
 address = {New York, NY, USA},
 }

@BOOK{fentonL96,
    Author         = {Norman E. Fenton and Shari Lawrence Pfleeger},
    Publisher      = {International Thompson Computer Press},
    Title          = {Software Metrics: A Rigorous and Practical Approach},
    Year           = {1996}
}
@article {kanoun-ASE-01,
   author = {Kanoun, Karama},
   title = {A Measurement-Based Framework for Software Reliability Improvement},
   journal = {Annals of Software Engineering},
   publisher = {Springer Netherlands},
   pages = {89-106},
   volume = {11},
   year = {2001}
}
@article{Schneidewind-COMP-02,
author = {Norman F. Schneidewind},
title = {Body of Knowledge for Software Quality Measurement},
journal ={Computer},
volume = {35},
year = {2002},
pages = {77-83},
publisher = {IEEE Computer Society},
address = {Los Alamitos, CA, USA},
}

@article{Garcia-IST-06,
title = "Towards a consistent terminology for software measurement",
journal = "Information and Software Technology",
volume = "48",
number = "8",
pages = "631 - 644",
year = "2006",
note = "",
author = "FÈlix GarcÌa and Manuel F. Bertoa and Coral Calero and Antonio Vallecillo and Francisco RuÌz and Mario Piattini and Marcela Genero"
}


@inproceedings{Boehm-ICSE-76,
  author    = {Barry W. Boehm and
               J. R. Brown and
               M. Lipow},
  title     = {Quantitative Evaluation of Software Quality},
  booktitle = {ICSE},
  year      = {1976},
  pages     = {592-605},
  bibsource = {DBLP, http://dblp.uni-trier.de}
}


@inproceedings{Lee-ICCSA-06,
  author    = {Kilsup Lee and
               Sung Jong Lee},
  title     = {A Quantitative Evaluation Model Using the ISO/IEC 9126 Quality
               Model in the Component Based Development Process},
  booktitle = {Computational Science and Its Applications - ICCSA 2006,
               International Conference, Glasgow, UK, May 8-11, 2006, Proceedings,
               Part IV},
  publisher = {Springer},
  series    = {Lecture Notes in Computer Science},
  volume    = {3983},
  year      = {2006},
  pages     = {917-926},
}

@misc{iso9126,
  author = {{International Standards Organisation} ({ISO})},
  title = {International Standard {ISO/IEC} 9126. Information technology: Software
  product evaluation: Quality characteristics and guidelines for their
  use},
  year = 1991,
}




@article{heck-SQC-10,
 author = {Heck, Petra and Klabbers, Martijn and Eekelen, Marko},
 title = {A software product certification model},
 journal = {Software Quality Control},
 volume = {18},
 number = {1},
 year = {2010},
 pages = {37--55},
 publisher = {Kluwer Academic Publishers},
 address = {Hingham, MA, USA},
 }


@book{ecore,
  author = {Frank Budinsky and Stephen A. Brodsky and Ed Merks},
  publisher = {Pearson Education},
  title = {Eclipse Modeling Framework},
  year = 2003,
}



@article{DBLP-LiuMX07,
  author    = {Ying Liu and Samuel Muller and Ke Xu},
  title     = {A static compliance-checking framework for business process models},
  journal   = {IBM Systems Journal},
  volume    = {46},
  number    = {2},
  year      = {2007},
  pages     = {335-362},
}
sick

@book {guelfiPMR07-2479,
  year = {2007},
  title = {Software Engineering of Fault Tolerant Systems},
  publisher = {World Scientific Publishing Co.},
  author = {Nicolas Guelfi and Patrizio Pelliccione and Henry Muccini and Alexander Romanovsky}
}


@techreport {omg05-OCL,
  year = {2005},
  title = {OCL 2.0 Specification},
  institution = {Object Management Group},
  author = {OMG}
}
 

@article{DBLP:journals-tse-BuchsG00,
  author    = {Didier Buchs and
               Nicolas Guelfi},
  title     = {A Formal Specification Framework for Object-Oriented Distributed
               Systems},
  journal   = {IEEE Trans. Software Eng.},
  volume    = {26},
  number    = {7},
  year      = {2000},
  pages     = {635-652},
  ee        = {http://www.computer.org:80/tse/ts2000/e0635abs.htm},
  bibsource = {DBLP, http://dblp.uni-trier.de}
}


@inbook { berlizevG08-2518,
  year = {2008},
  chapter = {Fault-tolerance Requirements Analysis using Deviations in the CORRECT development process},
  title = {Book on Methods Models and Tools for Fault Tolerance},
  publisher = {Springer},
  author = {Andrey Berlizev and Nicolas Guelfi}
}

@article{DBLP-RSL-Svobodova84,
  author    = {Liba Svobodova},
  title     = {Resilient Distributed Computing},
  journal   = {IEEE Trans. Software Eng.},
  volume    = {10},
  number    = {3},
  year      = {1984},
  pages     = {257-268},
}

@article{DBLP-RSL-MostertS95,
 author = {Mostert, D. N. J. and von Solms, S. H.},
 title = {A technique to include computer security, safety, and resilience requirements as part of the requirements specification},
 journal = {J. Syst. Softw.},
 volume = {31},
 number = {1},
 year = {1995},
 pages = {45--53},
 publisher = {Elsevier Science Inc.},
 address = {New York, NY, USA},
 }

@article{DBLP-RSL-BlackW97,
  author    = {Paul E. Black and
               Phillip J. Windley},
  title     = {Verifying Resilient Software},
  booktitle = {HICSS (5)},
  year      = {1997},
  pages     = {262-266},
}


@article{DBLP-resilience-Dearnley76,
  author    = {P. A. Dearnley},
  title     = {An Investigation Into Database Resilience},
  journal   = {Comput. J.},
  volume    = {19},
  number    = {2},
  year      = {1976},
  pages     = {117-121},
  bibsource = {DBLP, http://dblp.uni-trier.de}
}

@techreport {omg03-1420,
  year = {2003},
  title = {UML 2.0 Infrastructure Specification},
  institution = {Object Management Group},
  author = {OMG}
}

@techreport {Avizienis2001,
  year = {2001},
  title = {Fundamental concepts of dependability},
  institution = {Computer Science Department, University of California, Los Angeles, USA},
  author = {A. Avizienis and J.-C. Laprie, and B. Randell}
}

@article{GDM2009,
  editor    = {Rachid Guerraoui and
               Franck Petit},
  title     = {Stabilization, Safety, and Security of Distributed Systems,
               11th International Symposium, SSS 2009, Lyon, France, November
               3-6, 2009. Proceedings},
  booktitle = {SSS},
  publisher = {Springer},
  series    = {Lecture Notes in Computer Science},
  volume    = {5873},
  year      = {2009},
}


@article {harel87-2330,
  year = {1987},
  title = {Statecharts: A Visual Formalism For Complex Systems},
  journal = {Science of Computer Programming},
  volume = {8},
  number = {3},
  pages = {231-274},
  author = {David Harel}
} 

  @article{DBLP-journals-software-CuadradoM07,
  author    = {Jes{\'u}s S{\'a}nchez Cuadrado and
               Jes{\'u}s Garc\'{\i}a Molina},
  title     = {Building Domain-Specific Languages for Model-Driven Development},
  journal   = {IEEE Software},
  volume    = {24},
  number    = {5},
  year      = {2007},
  pages     = {48-55},
  ee        = {http://doi.ieeecomputersociety.org/10.1109/MS.2007.135},
  bibsource = {DBLP, http://dblp.uni-trier.de}
}


@inproceedings{DBLP-conf-icse-Randell79,
  author    = {Brian Randell},
  title     = {Software Engineering: As it was in 1968},
  booktitle = {ICSE},
  year      = {1979},
  pages     = {1-10},
}

@article{naur-NR-68-NATO,
  title = {Software Engineering Report of a conference sponsored by the NATO Science Committee Garmisch Germany 7th-11th October 1968},
  author = {P. Naur and B. Randell},
  year = {1969},
  publisher = {Scientific Affairs Division, NATO},
  url = {http://homepages.cs.ncl.ac.uk/brian.randell/NATO/nato1968.PDF},
}


@article{DBLP-journals-sosym-Ludewig03,
  author    = {Jochen Ludewig},
  title     = {Models in Software Engineering},
  journal   = {Software and System Modeling},
  volume    = {2},
  number    = {1},
  year      = {2003},
  pages     = {5-14},
  bibsource = {DBLP, http://dblp.uni-trier.de}
}

@article{DBLP-journals-software-AtkinsonK03a,
  author    = {Colin Atkinson and
               Thomas Kuhne},
  title     = {Model-Driven Development: A Metamodeling Foundation},
  journal   = {IEEE Software},
  volume    = {20},
  number    = {5},
  year      = {2003},
  pages     = {36-41},
  url        = {http://csdl.computer.org/comp/mags/so/2003/05/s5036abs.htm},
  bibsource = {DBLP, http://dblp.uni-trier.de}
}


@article{DBLP-journals-sosym-SteelJ07,
  author    = {Jim Steel and
               Jean-Marc J{\'e}z{\'e}quel},
  title     = {On model typing},
  journal   = {Software and System Modeling},
  volume    = {6},
  number    = {4},
  year      = {2007},
  pages     = {401-413},
  ee        = {http://dx.doi.org/10.1007/s10270-006-0036-6},
  bibsource = {DBLP, http://dblp.uni-trier.de}
}




@inproceedings{omg-BPMN,
 author = {OMG},
 title = {{Business Process Modeling Notation (BPMN), Version 1.2}},
 year = {2009},
 publisher = {http://www.omg.org/spec/BPMN/1.2/PDF}
}


@inproceedings{Avgeriou-AG-05-ICCBSS,
  author = {Paris Avgeriou and Nicolas Guelfi},
  title = {Resolving architectural mismatches of COTS through architectural
  reconciliation},
  year = {2005},
  publisher = {Springer-Verlag},
  booktitle = {Proceedings of the International Conference on COTS-Based Software Systems (ICCBSS)}
}


@inproceedings{Avgeriou-AGP-04-SETRA,
  author = {Paris Avgeriou and Nicolas Guelfi and Gilles Perrouin},
  title = {Evolution Through Architectural Reconciliation},
  year = {2004},
  publisher = {Electronic Notes in Theoretical Computer Science},
  note = {vol. 127-3},
  booktitle = {Proceedings of the workshop on "Software Evolution Through Transformations" (SETra) 2004}
}

@book{Pohl2005,
  author = {Klaus Pohl and G\"{u}nter B\"{o}ckle and Frank J. van der Linden},
  edition = {1},
  publisher = {Springer},
  title = {Software Product Line Engineering: Foundations, Principles and Techniques},
  year = {2005},
}


@techreport {ledyayev09,
  author = {Roman Ledyayev},
  title = {Architectural Framework for Product Line Development of Dependable
  Crisis Management Systems},
  institution = {Universite Henri Poincare Nancy 1},
  year = {2009},
  type = {master thesis},
  month = {november},
  language = {english}
}

@techreport {leemans09,
  author = {Jerome Leemans},
  title = {Service Oriented Architecture Implementation},
  institution = {Universite du Luxembourg},
  year = {2009},
  type = {bachelor thesis},
  month = {june},
  language = {english}
}

@incollection{DBLP:books/el/leeuwen90/Wirsing90,
  author    = {Martin Wirsing},
  title     = {Algebraic Specification},
  booktitle = {Handbook of Theoretical Computer Science, Volume B: Formal
               Models and Semantics B},
  year      = {1990},
  pages     = {675-788},
  bibsource = {DBLP, http://dblp.uni-trier.de}
}


@techreport {Guelfi2010,
  title = {A Formal Framework for Dependability and Resilience from a Software Engineering Perspective},
  year = {2010},
  booktitle = {LASSY Technical Report - submitted to ACM journal Transactions on Software Engineering and Methodology (TOSEM)},
  institution = {Laboratory for Advanced Software Systems, University of Luxembourg},
  author = {Nicolas Guelfi},
  number= {TR-LASSY-10-01},
}


@conference {serene2008,
  year = {2008},
  title = {Proceedings of the RISE/EFTS Joint International Workshop on Software Engineering for REsilieNt systEms (SERENE)},
  publisher = {ACM digital library},
}

@Article{dt4bp,
   author =   "A. Capozucca and N. Guelfi",
   title =   "Modelling dependable collaborative time-constrained business processes",
   journal =  "Journal of Enterprise Information Systems (Taylor and Francis) - special issue on Resilient Enterprise Information Systems",
   month = "to appear - ",
   year =   "2010"
}

@Article{Bichler_Lin_2006,
   author =   "Martin Bichler and Kwei-Jay Lin",
   title =   "Service-Oriented Computing",
   journal =   "IEEE Computer",
   month = "March",
   year =   "2006",
   volume =   "39",
   number = "3",
   pages =   "99-101",
}

@article { lassy1377,
  year = {2004},
  title = {Understanding Service-Oriented Software},
  journal = {IEEE Software},
  volume = {21},
  number = {2},
  pages = {71-77},
  author = {Nicolas Gold and Andrew Mohan and Claire Knight and Malcolm Munro}
}


@Article{ Michael_Huhns_2005,
    author = "Michael N.Huhns and Munindar P. Singh",
    title = "Service-Oriented Computing: Key Concepts and Principles",
    journal = "IEEE Internet Computing",
    month = "January-February",
    year = "2005",
}

@INPROCEEDINGS{Beder_ISORC01,
   AUTHOR =       {Delano M. Beder and Alexander Romanovsky and Brian Randell and Cec\'{\i}lia M.F. Rubira},
   TITLE =        {{On Applying Coordinated Atomic Actions and Dependable Software Architectures in Developing Complex Systems}},
   BOOKTITLE =    {4th IEEE International Symposium on Object-Oriented Real-time Distributed Computing (ISORC'01)},
   YEAR =         {2001},
   address =      {Magdeburg, Germany},
   month =        {May}
}

@INBOOK{GarciaRubira_BC_AEHT01,
   AUTHOR =       {Alessandro F. Garcia and Cec\'{\i}lia M.F. Rubira},
   editor =       {A. Romanovsky and C. Dony and J. L. Knudsen and A. Tripathi},
   TITLE =        {{Advances in Exception Handling Techniques}},
   CHAPTER =      {{An Architectural-based Reflective Approach to Incorporating Exception Handling into Dependable Software}},
   PUBLISHER =    {Springer-Verlag, LNCS-2022},
   YEAR =         {2001},
   month =        {April}
}

@misc{Fishman96,
   author    =   {Charles Fishman},
   title     =   {{They Write the Right Stuff}},
   year      =   {in Issue 06, Dec 1996/Jan 1997, Page 95}
  }

@BOOK{FatalDefect,
   AUTHOR =       {Ivars Peterson},
   TITLE =        {{Fatal Defect: Chasing Killer Computer Bugs}},
   PUBLISHER =    {{Vintage}},
   YEAR =         {1996}
   }

@inproceedings{Valerie_HICSS01,
  author = {V. Issarny and J. Banatre},
  title = {{Architecture-based Exception Handling}},
  booktitle = {HICSS '01: Proceedings of the 34th Annual Hawaii International Conference on System Sciences ( HICSS-34)-Volume 9},
  year = {2001},
  isbn = {0-7695-0981-9},
  pages = {9058},
  publisher = {IEEE Computer Society},
  address = {Washington, DC, USA}
  }

@INPROCEEDINGS{SEM05_SAExceptionHandling,
   AUTHOR =       {Yaodong Feng and Gang Huang and Yali Zhu and Hong Mei},
   TITLE =        {{Exception Handling in Component Composition with the Support of Middleware}},
   BOOKTITLE =    {ACM Proc. Fifth International Workshop on Software Engineering and Middleware (SEM 2005)},
   YEAR =         {2005}
}

@article{AvizienisLRL04,
   author    = {Algirdas Avizienis and Jean-Claude Laprie and Brian Randell and Carl E. Landwehr},
   title     = {{Basic Concepts and Taxonomy of Dependable and Secure Computing}},
   journal   = {IEEE Trans. Dependable Sec. Comput.},
   volume    = {1},
   number    = {1},
   year      = {2004},
   pages     = {11-33}
}

@article{ExceptionHandling_SPE05,
  author = {C. M. F. Rubira and R. de Lemos and G. R. M. Ferreira and F. Castor Filho},
  title = {Exception handling in the development of dependable component-based systems},
  journal = {Softw. Pract. Exper.},
  volume = {35},
  number = {3},
  year = {2005},
  issn = {0038-0644},
  pages = {195--236},
  publisher = {John Wiley \& Sons, Inc.},
  address = {New York, NY, USA}
  }

@inproceedings{SAwolf,
   author =   {D. E. Perry and Alexander L. Wolf},
   title =    {Foundations for the study of Software Architecture},
   booktitle = {SIGSOFT Software Engineering Notes},
   pages =    {40-52},
   year =     {1992},
   volume =   {17},
   number =   {4},
   month =    {Oct}
}

@book{Lee,
  author = {P. Lee and T. Anderson},
  title = {Fault Tolerance: Principles and Practice, Second Edition},
  year = {1990},
  publisher = {Prentice-Hall},
  address = {}
  }


@inproceedings{Valerie_SAExceptionHandling,
  author = {V. Issarny and J. Banatre},
  title = {Architecture-based Exception Handling},
  booktitle = {HICSS '01: Proceedings of the 34th Annual Hawaii International Conference on System Sciences ( HICSS-34)-Volume 9},
  year = {2001},
  isbn = {0-7695-0981-9},
  pages = {9058},
  publisher = {IEEE Computer Society},
  address = {Washington, DC, USA}
  }

@INPROCEEDINGS{WADS05_SAExceptionHandling,
   AUTHOR =       {Fernando Castor Filho and Patrick H. S. Brito and Cec\'{\i}lia Mary F. Rubira},
   TITLE =        {A Framework for Analyzing Exception Flow in Software Architectures},
   BOOKTITLE =    {ICSE 2005 Workshop on Architecting Dependable Systems (WADS05)},
   YEAR =         {2005}
}

@INPROCEEDINGS{WADS2002,
   AUTHOR =       {{Paulo Asterio de C. Guerra and Cec\'{\i}lia Mary F. Rubira and Rogerio de Lemos}},
   TITLE =        {An Idealized Fault-Tolerant Architectural Component},
   BOOKTITLE =    {In WADS 2002},
   YEAR =         {2002}
}

@INPROCEEDINGS{WADS2003,
   AUTHOR =       {Fernando J. Castor de Lima Filho and Paulo Asterio de C. Guerra and Cec\'{\i}lia Mary F. Rubira},
   TITLE =        {FaTC2: An Object-Oriented Framework for Developing Fault-Tolerant Component-Based Systems},
   BOOKTITLE =    {In WADS 2003},
   YEAR =         {2003}
}

@INCOLLECTION{IEEE1471,
   AUTHOR =    {},
   TITLE =        {{Recommended Practice for Architectural Description of Software-Intensive Systems}},
   BOOKTITLE =    {{The Institute of Electrical and Electronics Engineers (IEEE) Standards Board}},
   YEAR =         {2000},
   PUBLISHER =    {{IEEE-Std-1471-2000}},
   month =        {September}
}

@book{Sommerville,
  author = {Ian Sommerville},
  title = {Software engineering (8th ed.)},
  year = {2006},
  publisher = {Addison-Wesley Longman Publishing Co., Inc.},
  address = {Boston, MA, USA}
  }

@BOOK{GhezziJazayeriMandrioli,
   AUTHOR =       {Carlo Ghezzi and Mehdi Jazayeri and Dino Mandrioli},
   TITLE =        {{Fundamentals of Software Engineering}},
   PUBLISHER =    {Prentice Hall},
   YEAR =         {2002},
   edition =      {second},
   month =        {September},
   isbn =         {0133056996}
  }

@BOOK{EmmerichBook,
   AUTHOR =       {Wolfgang Emmerich},
   TITLE =        {{Engineering Distributed Objects}},
   PUBLISHER =    {John Wiley and Sons Ltd},
   YEAR =         {2000}
   }

@ARTICLE{JacksonScientificAmerican,
   AUTHOR =       {Daniel Jackson},
   TITLE =        {{Dependable Software by Design}},
   JOURNAL =      {{Scientific American}},
   YEAR =         {2006},
   month =        {June}
}

@INPROCEEDINGS{FOSErequirements,
   AUTHOR =       {B. Nuseibeh and S. Easterbrook},
   TITLE =        {Requirements Engineering: A Roadmap},
   BOOKTITLE =    {{ACM ICSE 2000, The Future of Software Engineering}},
   YEAR =         {2000},
   editor =       {A. Finkelstein}
}

@article{RomLemos01,
   author = {R de Lemos and A. Romanovsky},
   title = {{Exception Handling in the Software Lifecycle}},
   month = {March},
   year = {2001},
   pages = {167-181},
   keywords = {exception handling, error recovery, object-oriented},
   note = {},
   url = {http://www.cs.ukc.ac.uk/pubs/2001/1186},
   journal = {International Journal of Computer Systems Science and Engineering},
   volume = {16},
   number = {2},
   publisher = {CRL Publishing}
}

@ARTICLE{ADL_Neno00,
   AUTHOR =       {Nenad Medvidovic and Richard N. Taylor},
   TITLE =        {{A Classification and Comparison Framework for Software Architecture Description Languages}},
   JOURNAL =      {IEEE Transactions on Software Engineering},
   YEAR =         {2000},
   volume =       {26},
   number =       {1},
   pages =        {},
   month =        {January},
   note =         {},
   abstract =     {},
   keywords =     {},
   source =       {}
}

@INPROCEEDINGS{GarlanFSM03,
   AUTHOR =       {David Garlan},
   TITLE =        {{Formal Modeling and Analysis of Software Architecture: Components, Connectors, and Events}},
   BOOKTITLE =    {Formal Methods for Software Architectures},
   YEAR =         {2003},
   pages =        {1-24},
   month =        {},
   publisher =    {Lecture Note in Computer Science, 2804},
   note =         {}
}

@ARTICLE{NenoUML02,
   AUTHOR =       {Nenad Medvidovic and David S. Rosenblum and David F. Redmiles and Jason E. Robbins},
   TITLE =        {{Modeling Software Architectures in the Unified Modeling Language}},
   JOURNAL =      {ACM Transactions on Software Engineering and Methodology (TOSEM)},
   YEAR =         {2002},
   volume =       {11},
   number =       {1},
   pages =        {},
   month =        {January},
   note =         {},
   abstract =     {},
   keywords =     {},
   source =       {}
}

@INPROCEEDINGS{SC97,
   AUTHOR =       {Mary Shaw and Paul Clements},
   TITLE =        {{A Field Guide to Boxology: Preliminary Classification of Architectural Styles for Software Systems}},
   BOOKTITLE =    {COMPSAC97, 21st Int. Computer Software and Applications Conference},
   YEAR =         {1997}
   }

@INPROCEEDINGS{CastorFilhoLADC03,
   AUTHOR =       {Fernando Castor Filho and Paulo Asterio de C. Guerra and Cec\'{\i}lia Mary Rubira},
   TITLE =        {{An Architectural-Level Exception-Handling System for Component-Based Applications}},
   BOOKTITLE =    {LADC03},
   YEAR =         {2003}
}

@INBOOK{GacekDeLemos_BC_CBSIP06,
   AUTHOR =       {Cristina Gacek and Rogerio de Lemos},
   editor =       {D. Besnard and C. Gacek and C. Jones},
   TITLE =        {{Structure for Dependability: Computer-Based Systems from an Interdisciplinary Perspective}},
   CHAPTER =      {{Architectural Description of Dependable Software Systems}},
   pages =        {127-142},
   PUBLISHER =    {Springer-Verlag},
   YEAR =         {2006},
}

@INPROCEEDINGS{DRIP_Catalyst,
   AUTHOR =       {Nicolas Guelfi and Reza Razavi and Alexander Romanovsky and Sebastien Vandenbergh},
   TITLE =        {{DRIP Catalyst: An MDE/MDA Method for Fault-tolerant Distributed Software Families Development}},
   BOOKTITLE =    {{OOPSLA and GPCE Workshop on Best Practices for Model Driven Software Development}},
   YEAR =         {2004}
}


@inproceedings{Brito_LADC05,
   author    = {Patrick Henrique da S. Brito and Camila Ribeiro Rocha and Fernando Castor Filho and Eliane Martins and Cec\'{\i}lia M. F. Rubira},
   title     = {A Method for Modeling and Testing Exceptions in Component-Based Software Development},
   booktitle = {LADC},
   year      = {2005},
   pages     = {61-79}
}


@INPROCEEDINGS{CastorFilho_REFT05,
   AUTHOR =       {Fernando Castor Filho and Patrick Henrique Brito and Cec\'{\i}lia Mary Rubira},
   TITLE =        {{Modeling and Analysis of Architectural Exceptions}},
   BOOKTITLE =    {Workshop on Rigorous Engineering of Fault Tolerant Systems Event Information, in conjunction with Formal Methods 2005. 18-22 July 2005, University of Newcastle upon Tyne, UK},
   YEAR =         {2005}
}

@INPROCEEDINGS{DeLemosWADS2006,
   AUTHOR =       {{Rogerio de Lemos}},
   TITLE =        {{Idealised Fault Tolerant Architectural Element}},
   BOOKTITLE =    {DSN 2006 Workshop on 
Architecting Dependable Systems (WADS06)},
   YEAR =         {2006}
}


@ARTICLE{DeLemos_IEEESoftw06,
   AUTHOR =       {R.de Lemos and P. A. de C. Guerra and C. Rubira},
   TITLE =        {{A Fault-Tolerant Architectural Approach for Dependable Systems}},
   JOURNAL =      {{IEEE Software, Special Issue on Software Architectures}},
   YEAR =         {2006},
   pages =        {80-87},
   month =        {March/April}
}

@inproceedings{Kienzle_Models2006,
   author    = {Sadaf Mustafiz and Ximeng Sun and J{\"o}rg Kienzle and Hans Vangheluwe},
   title     = {Model-Driven Assessment of Use Cases for Dependable Systems},
   booktitle = {MoDELS},
   year      = {2006}
}

@inproceedings{Kienzle_Models2005,
   author    = {Aaron Shui and Sadaf Mustafiz and J{\"o}rg Kienzle and Christophe Dony},
   title     = {{Exceptional Use Cases}},
   booktitle = {MoDELS},
   year      = {2005},
   pages     = {568-583}
}

@ARTICLE{KienzleSpringer06,
   AUTHOR =       {Aaron Shui and Sadaf Mustafiz and Jorg Kienzle},
   TITLE =        {{Exception-aware requirements elicitation with use cases}},
   JOURNAL =      {{Advanced Topics in Exception Handling Techniques, Springer, Berlin}},
   YEAR =         {2006},
   pages =        {221-242}
}

@ARTICLE{MucciniRomanovsky07,
   AUTHOR =       {Henry Muccini and Alexander Romanovsky},
   TITLE =        {{Architecting Fault Tolerant Systems: a Comparison Framework}},
   JOURNAL =      {{University of L'Aquila Technical Report}},
   YEAR =         {2007},
   pages =        {}
}

@inproceedings{ValReq,
  author = {Francis Schneider and Steve M. Easterbrook and John R. Callahan and Gerard J. Holzmann},
  title = {Validating Requirements for Fault Tolerant Systems using Model Checking},
  booktitle = {ICRE '98: Proceedings of the 3rd International Conference on Requirements Engineering},
  year = {1998},
  isbn = {0-8186-8356-2},
  pages = {0004},
  publisher = {IEEE Computer Society},
  address = {Washington, DC, USA}
  }

@article{PVSFTArch,
  author = {Sam Owre and John Rushby and Natarajan Shankar and Friedrich von Henke},
  title = {Formal Verification for Fault-Tolerant Architectures: Prolegomena to the Design of PVS},
  journal = {IEEE Transactions on Software Engineering},
  volume = {21},
  number = {2},
  year = {1995},
  issn = {0098-5589},
  pages = {107-125},
  publisher = {IEEE Computer Society},
  address = {Los Alamitos, CA, USA}
}

@inproceedings{abstraction,
   author =    {Lee Pike and Jeffreyy Maddalon and Paul Miner and Alfons Geser},
   title =     {Abstractions for Fault-Tolerant Distributed System Verification},
   booktitle = {Theorem Proving in Higher Order Logics ({TPHOL}s)},
   year =      {2004},
   pages =     {257--270},
   editor =    {Konrad Slind and Annette Bunker and Ganesh Gopalakrishnan},
   volume =    {3223},
   series =    {Lecture Notes in Computer Science},
   publisher = {Springer}
}

@MISC{PVS,
   title = {PVS Specification and Verification System. http://pvs.csl.sri.com/index.shtml}
}


@inproceedings{PVS2006,
  author = {Borzoo Bonakdarpour and Sandeep S. Kulkarni},
  title = {Towards Reusing Formal Proofs for Verification of Fault-Tolerance},
  booktitle = {AFM (Automated Formal Methods) August 21, 2006, Seattle. USA},
  year = {},
  isbn = {},
  pages = {},
  publisher = {},
  address = {}
  }

@article{TePro,
  author = {J. Kljaich, Jr. and B. T. Smith and A. S. Wojcik},
  title = {Formal Verification of Fault Tolerance Using Theorem-Proving Techniques},
  journal = {IEEE Trans. Comput.},
  volume = {38},
  number = {3},
  year = {1989},
  issn = {0018-9340},
  pages = {366--376},
  publisher = {IEEE Computer Society},
  address = {Washington, DC, USA}
  }

@book{MCbook,
  author = {Edmund M.~Clarke and Orna Grumberg and Doron.~A. Peled.},
  title = {Model Checking},
  year = {2001},
  publisher = {The MIT Press, Massachusetts Institute of Technology}
  }

@INPROCEEDINGS{P77,
     AUTHOR = {A. Pnueli},
     TITLE = {{The temporal logic of programs.}},
     BOOKTITLE = {Proc. 18th IEEE Symposium on Foundation of Computer Science},
     YEAR = {1977}
}

@article{autVerFaulTolerance,
  author = {Tomoyuki Yokogawa and Tatsuhiro Tsuchiya and Tsuchiya Kikuno},
  title = {Automatic Verification of Fault Tolerance Using Model Checking},
  journal = {prdc},
  volume = {00},
  year = {2001},
  isbn = {0-7695-1414-6},
  pages = {95},
  publisher = {IEEE Computer Society},
  address = {Los Alamitos, CA, USA}
}

@inproceedings{vodca06,
  author = {Antonio Bucchiarone and Henry Muccini and Patrizio Pelliccione},
  title = {Architecting Fault-tolerant Component-based Systems: from requirements to testing},
  booktitle = {2nd VODCA Views On Designing Complex Architectures proceedings. To appear on ENTCS (Electronic Notes in Theoretical Computer Science)},
  year = {2006}
 }

@inproceedings{testingBertolino,
  author = {Antonia Bertolino},
  title = {Software Testing Research and Practice},
  booktitle = {Abstract State Machines 2003. Advances in Theory and Practice: 10th International Workshop, ASM 2003, Taormina, Italy, March 3-7, 2003. Proceedings.  Book Series Lecture Notes in Computer Science. Volume 2589/2003},
  year = {2003},
  publisher = {Springer Berlin / Heidelberg}
  }

@inproceedings{testingISSRE03,
  author = {Michael R. Lyu and Zubin Huang and Sam K.  S. Sze and Xia Cai},
  title = {An Empirical Study on Testing and Fault Tolerance for Software Reliability Engineering},
  booktitle = {ISSRE '03: Proceedings of the 14th International Symposium on Software Reliability Engineering},
  year = {2003},
  isbn = {0-7695-2007-3},
  pages = {119},
  publisher = {IEEE Computer Society},
  address = {Washington, DC, USA}
  }

@article{testing97,
  author = {A. Tyrrell and J. Bass},
  title = {Testing Fault-Tolerant Systems using a Unified Error Model},
  journal = {euromicro},
  volume = {00},
  year = {1997},
  isbn = {0-8186-8215-9},
  pages = {0152},
  publisher = {IEEE Computer Society},
  address = {Los Alamitos, CA, USA}
}

@inproceedings{PMC,
  author = {Henrik Reif Andersen},
  title = {Partial Model Checking},
  booktitle = {LICS '95: Proceedings of the 10th Annual IEEE Symposium on Logic in Computer Science},
  year = {1995},
  isbn = {0-8186-7050-6},
  pages = {398},
  publisher = {IEEE Computer Society},
  address = {Washington, DC, USA}
  }

@inproceedings{MCFT,
  author = {Glenn Bruns and Ian Sutherland},
  title = {Model Checking and Fault Tolerance},
  booktitle = {AMAST '97: Proceedings of the 6th International Conference on Algebraic Methodology and Software Technology},
  year = {1997},
  isbn = {3-540-63888-1},
  pages = {45--59},
  publisher = {Springer-Verlag},
  address = {London, UK}
}

@inproceedings{GLM03:svv,
 author = {S. Gnesi and G. Lenzini and F. Martinelli},
 title = {Logical Specification and Analysis of Fault Tolerant Systems through Partial Model Checking},
 booktitle = {Proceedings of the International Workshop on Software Verification and Validation (SVV 2003), Mumbai, India},
 month = {December},
 publisher = {Elsevier},
 address = {Amsterdam},
 editor = {S. Etalle and S. Mukhopadhyay and A. Roychoudhury},
 pages = {57--70},
 year = {2003}
}

@article{Fantechi,
   author    = {Cinzia Bernardeschi and Alessandro Fantechi and Stefania Gnesi},
   title     = {Model checking fault tolerant systems},
   journal   = {Software Testing Verification and Reliability},
   volume    = {12},
   number    = {},
   year      = {2002},
   pages     = {251--275}
}

@phdthesis{Elder2001,
   author = {Matthew C. Elder},
   title = {Fault Tolerance in Critical Information Systems},
   school = {Faculty of the School of Engineering and Applied Science, University of Virginia},
   year = {2001}
}

@article{cristian89,
  author = {Flaviu Cristian},
  title = {{Exception Handling}},
  journal = {Dependability of Resilient Computers (ed. T.Anderson)},
  publisher = {Blackwell Scientific Publications},
  location = {Oxford, UK},
  year = {1989},
  pages = {68--97}
}

@TECHREPORT{FT+Surviv99,
   AUTHOR =       {P. Ammann and S. Jajodia and P. Liu},
   TITLE =        {{A Fault Tolerance Approach to Survivability}},
   INSTITUTION =  {{Center for Secure Information Systems, George Mason University}},
   YEAR =         {1999},
   month =        {April}
}

@inproceedings{Capozucca06,
  author = {{A. Capozucca and N. Guelfi and P. Pelliccione and A. Romanovsky and A. Zorzo}},
  title = {{CAA-DRIP: a framework for implementing Coordinated Atomic Actions}},
  booktitle = {{The 17th IEEE International Symposium on Software Reliability Engineering (ISSRE)}},
  year = {2006},
  pages = {385--394},
  location = {Raleigh, North Carolina, USA},
  month = {November},
  publisher = {IEEE Computer Society}
}

@PHDTHESIS{Zorzo99,
  author = {{A. Zorzo}},
  title = {{Multiparty Interactions in Dependable Distributed Systems}},
  school = {University of Newcastle upon Tyne, Newcastle upon Tyne, UK},
  year = {1999}
}


@inproceedings{ZorzoStroud99,
  author = {{A. F. Zorzo and R. J. Stroud}},
  title = {{A distributed object-oriented framework for dependable multiparty interactions}},
  booktitle = {{OOPSLA '99}},
  year = {1999},
  pages = {435--446},
  location = {Denver, Colorado, United States},
  publisher = {ACM Press}
}

@inproceedings{Arief06,
  author = {{B. Arief and A. Iliasov and A. Romanovsky}},
  title = {{On Using the CAMA Framework for Developing Open Mobile Fault Tolerant Agent Systems}},
  booktitle = {{SELMAS 2006 Workshop, as part of the 28th International Conference on Software Engineering}},
  year = {2006},
  pages = {29--35},
  location = {Shanghai, China},
  publisher = {ACM Press}
}

@article{Bakken95,
  author = {{D. Bakken and R. Schlichting}},
  title = {Supporting Fault-Tolerant Parallel Programming in Linda},
  journal = {IEEE Transactions on Parallel and Distributed Systems},
  volume = {6},
  number = {3},
  year = {1995},
  pages = {287--302}
 }

@article{Detlefs88,
  author = {{D. Detlefs and M.P. Herlihy and J.M. Wing}},
  title = {Inheritance of Synchronization and Recovery Properties in Avalon/C++},
  journal = {IEEE Computer},
  volume = {21},
  number = {12},
  year = {1988},
  pages = {57--69}
}

@inproceedings{DiMarzo07,
  author = {{G. DiMarzo Serugendo and J. Fitzgerald and A. Romanovsky and N.Guelfi}},
  title = {{Towards a Metadata-Based Architectural Model for Dynamically Resilient Systems}},
  booktitle = {{SAC'07, March 11-15, Seoul, Korea}},
  year = {2007},
  pages = {},
  publisher = {ACM Press}
}


@book{Erlang96,
  author = {Joe Armstrong and Robert Virding and Claes Wikstr{\"o}m and Mike Williams},
  title = {{Concurrent Programming in Erlang}},
  edition = {Second},
  publisher = {Prentice-Hall},
  year = {1996},
}

@article{Evangelist89,
  author = {{M. Evangelist and N. Francez and S. Katz}},
  title = {Multiparty Interactions for Interprocess Communication and Synchronization},
  journal = {IEEE Transactions on Software Engineering},
  volume = {15},
  number = {11},
  year = {1989},
  pages = {1417--1426},
}

@article{Gelernter85,
  author = {David Gelernter},
  title = {Generative communication in Linda},
  journal = {ACM Trans. Program. Lang. Syst.},
  volume = {7},
  number = {1},
  year = {1985},
  pages = {80--112},
  publisher = {ACM Press},
  address = {New York, NY, USA}
  }

@PHDTHESIS{Kienzle01,
  author = {{J.Kienzle}},
  title = {{Open Multithreaded Transactions: A Transaction Model for Concurrent Object-Oriented Programming}},
  school = {Swiss Federal Institute of Technology Lausanne (Thesis no 2393)},
  month = {April},
  year =  {2001}
}


@inproceedings{Liskov88,
  author = {Barbara Liskov},
  title = {The Argus Language and System},
  booktitle = {Distributed Systems: Methods and Tools for Specification, An Advanced Course, April 3-12, 1984 and April 16-25, 1985 Munich},
  year = {1985},
  isbn = {3-540-15216-4},
  pages = {343--430},
  publisher = {Springer-Verlag},
  address = {London, UK}
  }

@MISC{Java,
   author = {{Java Technology}},
   title =  {http://java.sun.com},
}

@MISC{JavaMobility,
   author = {{Sun Developer Network}},
   title =  {http://developers.sun.com/techtopics/mobility/overview.html},
}


@MISC{J2ME,
   author = {{Java ME Platform}},
   title =  {http://java.sun.com/javame/},
}

@MISC{J2ME-RMI,
   author = {{J2ME RMI Optional Package Specification v1.0}},
   title = {http://java.sun.com/javame/reference/apis/},
}

@MISC{JavaSpaces,
   author = {Jini JavaSpaces},
   title =  {http://www.sun.com/software/jini/specs/jini1.2html/js-spec.html},
}

@MISC{Jini,
   author = {Jini},
   title =  {http://www.sun.com/software/jini/},
}

@MISC{Johnson97,
   author = {R. Johnson},
   title =  {http://st-www.cs.uiuc.edu/users/johnson/frameworks.html},
   YEAR = {1997}
}

@MISC{OCIWEB,
   author = {{Rob Martin and Steve Totten}},
   title = {{Introduction to Fault Tolerant CORBA}},
   url =  {{http://www.ociweb.com/cnb/CORBANewsBrief-200301.html}},
   YEAR = {2003}
}

@book{Pullum01,
author = {Laura L. Pullum},
  title = {Software fault tolerance techniques and implementation},
  year = {2001},
  isbn = {1-58053-137-7},
  publisher = {Artech House, Inc.},
  address = {Norwood, MA, USA}
}

@article{Parrington95,
     author = {Graham D. Parrington and Santosh K. Shrivastava and Stuart M. Wheater and Mark C. Little},
     title = {{The Design and Implementation of Arjuna}},
     journal = {Computing Systems},
     volume = {8},
     number = {2},
     pages = {255-308},
     year = {1995}
}

@techreport{Randell97,
     author = {B. Randell and A. Romanovsky and R. J. Stroud and J. Xu and A. F. Zorzo},
     title = {{Coordinated Atomic Actions: from Concept to Implementation}},
     number = {595},
     year = {1997}
}

@article{Randell75,
     author = {B. Randell},
     title = {{System Structure for Software Fault Tolerance}},
     journal = {{IEEE Transactions on Software Engineering. IEEE Press}},
     VOLUME = {SE-1},
     NUMBER = {2},
     year =  {1975},
     pages = {220-232}
}

@article{Randell93,
     author = {B. Randell and J. Xu},
     title = {{Object-Oriented Software Fault Tolerance: Framework, Reuse and Design Diversity}},
     journal = {{Predictably Dependable Computing System (PDCS 2)}},
     VOLUME = {First Year Report},
     NUMBER = {},
     year =  {1993},
     pages = {165-184}
}

@PHDTHESIS{Rogers03,
  author = {{Patrick Rogers}},
  title = {{Software Fault Tolerance, Reflection and the Ada Programming Language}},
  SCHOOL = {Department of Computer Science, University of York },
  month = {October},
  year = {2003}
}

@inproceedings{Spector88,
   author    = {Alfred Z. Spector and Randy F. Pausch and G. Bruell},
   title     = {Camelot: A Flexible Distributed Transaction Processing System.},
   booktitle = {COMPCON'88, Digest of Papers, Thirty-Third IEEE Computer Society International Conference, San Francisco, California, USA, February 29 - March 4, 1988},
   publisher = {IEEE Computer Society},
   year      = {1988},
   pages     = {432-439}
}

@article{Joung96,
  author = {Yuh-Jzer Joung and Scott A. Smolka},
  title = {A comprehensive study of the complexity of multiparty interaction},
  journal = {J. ACM},
  volume = {43},
  number = {1},
  year = {1996},
  issn = {0004-5411},
  pages = {75--115},
  publisher = {ACM Press},
  address = {New York, NY, USA}
}

@PHDTHESIS{Vachon00,
  author = {{Julie Vachon}},
  title = {{COALA : a design language for reliable distributed systems}},
  school = {Swiss Federal Institute of Technology Lausanne (Thesis no 2302)},
  year = {2000}
}

@book{Dony,
  author = {C. Dony and J. L. Knudsen and A. Romanovsky and A. Tripathi},
  title = {{Advances in Exception Handling Techniques}},
  edition = {LNCS-4119},
  publisher = {Springer-Verlag},
  year = {2006}
}

@INPROCEEDINGS{sbes,
  author = {A. Romanovsky},
  title = {{Fault Tolerance through Exception Handling in Ambient and Pervasive Systems}},
  booktitle = {SBES 2005 - 19th Brazilian Symposium on Software Engineering},
  ADDRESS = {Brazil},
  year = {October 6, 2005}
}


@inproceedings{CAA-Tartanoglu-Z,
  AUTHOR = {{F. Tartanoglu, N. Levy, V. Issarny and A. Romanovsky}},
  TITLE =  {{Using the B Method for the Formalization of Coordinated Atomic Actions}},
  booktitle = {Proc. ICSE 2003 Workshop on Software Architectures for Dependable System},
  location = {Portland, Oregon - USA}
}

@book{SEFTbook,
  author = {{P. Pelliccione, H. Muccini, N. Guelfi and A. Romanovsky}},
  title = {{Software Engineering and Fault Tolerance}},
  publisher = {World Scientific Publishing Co. Pte. Ltd, Series on Software Engineering and Knowledge Engineering},
  year = {To appear on 2007}
}

@article{Ehealth-Eysenbach,
 author= {Eysenbach, G.},
 title= {{What is e-health?}},
 journal={J Med Internet Res},
 year={2001},
 month={June},
 day={18},
 volume={3},
 number={2},
 pages={e20},
 doi={10.2196/jmir.3.2.e20},
 url={http://www.jmir.org/2001/2/e20/}
}

@article{TA0,
 author = {{J. Xu and A. Romanovsky and R.J. Stroud and A.F. Zorzo and E. Canver and F. von Henke}},
 title = {{Rigorous Development of an Embedded Fault-Tolerant System Based on Coordinated Atomic Actions}},
 journal = {IEEE Trans. Comput.},
 volume = {51},
 number = {2},
 year = {2002},
 issn = {0018-9340},
 pages = {164--179},
 doi = {http://dx.doi.org/10.1109/12.980006},
 publisher = {IEEE Computer Society},
 address = {Washington, DC, USA},
 }

@inproceedings{TA1,
 author = {{G. Di Marzo Serugendo and N. Guelfi and A. Romanovsky and A. Zorzo}},
 title = {{Formal Development and Validation of Java Dependable Distributed Systems}},
 booktitle = {{Proceedings of ICECCS'99}},
 pages = {98--108},
 location = {Nevada, USA},
 month = {October},
 year = {1999}
}

@inproceedings{TA2,
 author = {A. Romanovsky and P. Periorellis and A.F. Zorzo},
 title = {{On Structuring Integrated Web Applications for Fault Tolerance}},
 booktitle = {{Proceedings of ISADS}},
 pages = {99--106},
 location = {Pisa, Italy},
 month = {April},
 year = {2003}
}


@book{GR93,
  author    = {Jim Gray and Andreas Reuter},
  title     = {Transaction Processing: Concepts and Techniques},
  publisher = {Morgan Kaufmann},
  year      = {1993},
  isbn      = {1-55860-190-2},
  bibsource = {DBLP, http://dblp.uni-trier.de}
}

@article{XuConcurrentEH,
 author = {{J. Xu, A. Romanovsky and B. Randell}},
 title = {{Concurrent Exception Handling and Resolution in Distributed Object Systems}},
 journal = {IEEE Trans. Parallel Distrib. Syst.},
 volume = {11},
 number = {10},
 year = {2000},
 issn = {1045-9219},
 pages = {1019--1032},
 doi = {http://dx.doi.org/10.1109/71.888642},
 publisher = {IEEE Press},
 address = {Piscataway, NJ, USA},
 }

@MISC{CorrectWebPage,
  author = {{Correct Project.}},
  title =  {http://lassy.uni.lu/correct},
  YEAR = 2006
}

@article{nice,
    author = {{National Institute for Health and Clinical Excellence}},
    title = {{Guidance on the use of continuous subcutaneous insulin infusion for diabetes}},
    number = {{Technology Appraisal 57}},
    month = {{February}},
    year = {{2003}},
    journal = {{www.nice.org.uk}},
}


@MISC{Eclipse,
  author = {{Eclipse SDK}},
  title =  {http://www.eclipse.org},
}

@MISC{EclipseME,
  author = {{EclipseME}},
  title =  {http://www.eclipseme.org},
}

@MISC{SunToolkit,
  author = {{Sun Java Wireless Toolkit for CLDC}},
  title =  {http://java.sun.com/products/sjwtoolkit/},
}

@MISC{Tao,
  author = {{Tao Group}},
  title =  {http://tao-group.com/},
}

@MISC{Jeode,
  author = {{Insignia Jeode Runtime Environment, Insignia Solutions}},
  title =  {http://www.esmertec.com},
}

@article{REFT-book,
 author = {{A. Capozucca and N. Guelfi and P. Pelliccione}},
 title = {{The Fault-Tolerant Insulin Pump Therapy}},
 journal = {Rigorous Engineering of Fault-Tolerant Systems (LNCS 4157, Lecture Notes in Computer Sciences, Springer-Verlag, Berlin Heidelberg)},
 year =  "2006",
 pages = "59-79"
}

@INBOOK{REFT-book,
   AUTHOR =       {Alfredo Capozucca and Nicolas Guelfi and Patrizio Pelliccione},
   editor =       {Michael Butler and Cliff Jones and Alexander Romanovsky and Elena Troubitsyna},
   TITLE =        {{Rigorous Engineering of Fault-Tolerant Systems}},
   CHAPTER =      {{The Fault-Tolerant Insulin Pump Therapy}},
   PUBLISHER =    {Springer-Verlag, LNCS-4157},
   YEAR =         {2006},
   pages =    {59-79},
   month =        {April}
}

@MISC{BDB,
  author = {{Berkeley Data Base}},
  title =  {http://en.wikipedia.org/wiki/Berkeley_DB},
}

@inproceedings{ShuiMKD05,
  author    = {Aaron Shui and Sadaf Mustafiz and J{\"o}rg Kienzle and Christophe Dony},
  title     = {{Exceptional Use Cases}},
  booktitle = {MoDELS},
  year      = {2005},
  pages     = {568-583},
  ee        = {http://dx.doi.org/10.1007/11557432_43},
  crossref  = {DBLP:conf/uml/2005},
  bibsource = {DBLP, http://dblp.uni-trier.de}
}

@inproceedings{coopn97,
  author = {O. Biberstein and D. Buchs and N. Guelfi},
  title = {{CO-{OPN}/2}: {A} Concurrent Object-Oriented Formalism},
  booktitle = {Proc. Second {IFIP} Conf. on Formal Methods for Open Object-Based Distributed Systems ({FMOODS})},
  publisher = {Chapman and Hall},
  address = {London},
  pages = {57--72},
  year = {1997},
}

@article{Parnas72,
  author  = {D. L. Parnas},
  title   = {{On the Criteria To Be Used in Decomposing Systems into Modules}},
  journal = CACM,
  year    = 1972,
  sourceURL = {http://www.acm.org/classics/may96/},
  volume  = {15},
  number  = {12},
  pages   = {1053--1058},
  month   = Dec,
  topics  = {Modules}
}

@incollection{EWD447pub,
   author = {Edsger W. Dijkstra},
   title = {{On the role of scientific thought}},
   year = {1982},
   booktitle = {Selected Writings on Computing: A Personal Perspective},
   publisher = {Springer-Verlag},
   pages = {60--66}
   }
   
@MISC{clinicip,
  author = "{CLINICIP Consortium}",
  title =  "http://www.clinicip.org/index.php?id=161",
  YEAR = 2007
}

@MISC{cambridge,
  author = "{University of Cambridge}",
  title =  "http://www.admin.cam.ac.uk/news/press/dpp/2006110102",
  YEAR = 2006
}

@inproceedings{DiMarzo_2007,
 author = {Giovanna Di Marzo Serugendo and John Fitzgerald and Alexander Romanovsky and Nicolas Guelfi},
 title = {A metadata-based architectural model for dynamically resilient systems},
 booktitle = {SAC '07: Proceedings of the 2007 ACM symposium on Applied computing},
 year = {2007},
 isbn = {1-59593-480-4},
 pages = {566--572},
 location = {Seoul, Korea},
 doi = {http://doi.acm.org/10.1145/1244002.1244132},
 publisher = {ACM},
 address = {New York, NY, USA},
 }
 
@BOOK{SOA_book,
   AUTHOR =       {Thomas Erl},
   TITLE =        {{Service-Oriented Architecture, Concepts, Technology, and Design}},
   PUBLISHER =    {Prentice Hall},
   YEAR =         {2006},
}

@techreport{IEEE-90-SEGlossary,
author={IEEE},
abstract = {Describes the IEEE Std 610.12-1990, IEEE standard glossary of software engineering terminology, which identifies terms currently in use in the field of software engineering. Standard definitions for those terms are established},
citeulike-article-id = {1341545},
journal = {IEEE Std 610.12-1990},
keywords = {development, software},
priority = {2},
title = {IEEE standard glossary of software engineering terminology},
url = {http://ieeexplore.ieee.org/xpls/abs\_all.jsp?arnumber=159342},
year = {1990}
} 

