
%%%%%%%%%%%%%%%%%%%%%%%%%%%%%%%%%%%%%%%%%%%%

@inproceedings { lassy2553,
	year = {2010},
	title = {Towards an Alloy Formal Model for Flexible Advanced Transactional Model Development},
	booktitle = {33rd Annual IEEE Software Engineering Workshop 2009 (SEW-33)},
	publisher = {IEEE},
	author = {Barbara Gallina and Nicolas Guelfi and Pierre Kelsen}
}

@inproceedings { lassy2536,
	year = {2009},
	title = {Designing Reliable Real-Time Concurrent Object-Oriented Software Systems},
	booktitle = {Proceedings of the 24th ACM Symposium on Applied Computing (Track on Real-Time Systems) SAC\'09},
	author = {Alfredo Capozucca and Nicolas Guelfi}
}

@inproceedings { lassy2542,
	year = {2009},
	title = {Weaving Variability into Domain Metamodels},
	booktitle = {ACM/IEEE 12th International Conference on Model Driven Engineering Languages and Systems (MODELS\'09)},
	volume = {5795},
	publisher = {Springer LNCS},
	author = {Brice Morin and Gilles Perrouin and Philippe Lahire and Olivier Barais and Gilles Vanwormhoudt and Jean-Marc J'{\e}z'{\e}qu}
}

@inproceedings { lassy2544,
	year = {2009},
	title = {Aspect-Oriented Multi-View Modeling, In 8th International Conference on Aspect Oriented Software Development (AOSD.09)},
	booktitle = {8th International Conference on Aspect Oriented Software Development (AOSD.09)},
	publisher = {ACM},
	pages = {87-98},
	author = {Joerg Kienzle and Wisam Al Abed and Jacques Klein}
}

@inproceedings { lassy2546,
	year = {2009},
	title = {From Monitoring Templates to Security Monitoring and Threat Detection},
	booktitle = {Workshop 1st Luxembourg Day on Security and Reliability},
	author = {Nuno Amalio and George Spanoudakis}
}

@inproceedings { lassy2547,
	year = {2009},
	title = {Suspicion-driven formal analysis of security requirements},
	booktitle = {SECURWARE 2009},
	pages = {217-223},
	author = {Nuno Amalio}
}

@inproceedings { lassy2548,
	year = {2009},
	title = {From Platform-Independent to Platform-Specific Models using Democles},
	booktitle = {OOPSLA 2009 Demonstrations Track},
	author = {Christian Glodt and Pierre Kelsen and Nuno Amalio and Qin Ma}
}

@inproceedings { lassy2549,
	year = {2009},
	title = {SPLACID: an SPL-oriented, ACTA-based, Language for Reusing (Varying) ACID Properties},
	booktitle = {32nd IEEE Software Engineering Workshop (SEW-32)},
	publisher = {IEEE},
	pages = {115-124},
	author = {Barbara Gallina and Nicolas Guelfi}
}

@inproceedings { lassy2551,
	year = {2009},
	title = {SPLACID: an SPL-oriented, ACTA-based, Language for Reusing (Varying) ACID Properties in Engineering Dependable Distributed Systems},
	booktitle = {1st Luxembourg Day on Security and Reliability},
	author = {Barbara Gallina and Nicolas Guelfi}
}

@inproceedings { lassy2552,
	year = {2009},
	title = {Adaptive-gain Extended Kalman Filter: Extension to the Continuous-discrete Case},
	booktitle = {In Proceeding of the 10th European Control Conference (ECC\'09)},
	author = {Nicolas Boizot and Eric Busvelle and Jean-Paul Gauthier}
}

@inproceedings { lassy2554,
	year = {2009},
	title = {From Platform-Independent to Platform-Specific Models using Democles},
	booktitle = {International Conference on Object-Oriented Programming, Systems, Languages, and Applications},
	publisher = {ACM Sigplan},
	author = {Christian Glodt and Pierre Kelsen and Nuno Amalio and Qin Ma}
}

@inproceedings { lassy2555,
	year = {2009},
	title = {Domain Hierarchies: a Basic Theoretical Framework for Integrating Software Domains, Extended Abstract},
	booktitle = {3rd IEEE International Symposium on Theoretical Aspects of Software Engineering},
	publisher = {IEEE},
	author = {Pierre Kelsen and Qin Ma}
}

@inproceedings { lassy2557,
	year = {2009},
	title = {Evaluating Context Descriptions and Property Definition Patterns for Software Formal Validation},
	booktitle = {Model Driven Engineering Languages and Systems (MODELS)},
	volume = {5795},
	publisher = {Springer LNCS},
	pages = {438-452},
	author = {Philippe Dhaussy and Pierre-Yves Pillain and Stephen Creff and Amine Raji and Yves Le Traon and Benoit Baudry}
}

@techreport { lassy2558,
	year = {2009},
	title = {A Modular Model Composition Technique},
	institution = {Laboratory for Advanced Software Systems, University of Luxembourg},
	author = {Pierre Kelsen and Qin Ma}
}

@techreport { lassy2560,
	year = {2009},
	title = {VCL Specification of the Car-crash Crisis Management System},
	institution = {Laboratory for Advanced Software Systems, University of Luxembourg},
	author = {Nuno Amalio and Christian Glodt and Qin Ma and Pierre Kelsen}
}

@techreport { lassy2559,
	year = {2009},
	title = {The Abstract Syntax of Structural VCL},
	institution = {Laboratory for Advanced Software Systems, University of Luxembourg},
	author = {Nuno Amalio and Pierre Kelsen}
}

@techreport { lassy2561,
	year = {2009},
	title = {Modelling dependable collaborative time-constrained business processes},
	institution = {Laboratory for Advanced Software Systems, University of Luxembourg},
	location = {Luxembourg},
	author = {Alfredo Capozucca and Nicolas Guelfi}
}

@phdthesis { lassy2539,
	year = {2009},
	title = {Une Approche Adaptative pour la Recherche d'information sur le Web},
	publisher = {UniversitÃ© du Luxembourg et UniversitÃ© Paris-Sud 11},
	author = {C'{\e}dric Pruski}
}

@phdthesis { lassy2540,
	year = {2009},
	title = {SESAME - A Model-driven Process for the Test Selection of Small-size Safety-related Embedded Software},
	publisher = {University of Luxembourg},
	author = {Beno\^{\i}t Ries}
}

@inbook { lassy2518,
	year = {2008},
	chapter = {Fault-tolerance Requirements Analysis using Deviations in the CORRECT development process},
	title = {Book on Methods Models and Tools for Fault Tolerance},
	publisher = {Springer},
	author = {Andrey Berlizev and Nicolas Guelfi}
}

@article { lassy2499,
	year = {2008},
	title = {Frameworks for designing and implementing dependable systems using Coordinated Atomic Actions: A comparative study},
	journal = {Journal of Systems and Software},
	author = {Alfredo Capozucca and Nicolas Guelfi and Patrizio Pelliccione and Alexander Romanovsky and Avelino Francisco Zo}
}

@article { lassy2497,
	year = {2008},
	title = {Analysis and framework-based design of a fault-tolerant web information system for m-health},
	journal = {Service Oriented Computing and Applications},
	volume = {2},
	number = {Numbers 2-3},
	pages = {111-144},
	author = {Florencia Balbastro and Alfredo Capozucca and Nicolas Guelfi}
}

@article { lassy2511,
	year = {2008},
	title = {Specifying Executable Platform-Independent Models using OCL},
	journal = {Electronic Communications of the EASST},
	volume = {9},
	author = {Pierre Kelsen and Elke Pulvermueller and Christian Glodt}
}

@article { lassy2526,
	year = {2008},
	title = {Sustainability of Biomass Energy Sources - Measurement and Regional Comparison},
	journal = {WSEAS TRANSACTIONS on ENVIRONMENT and DEVELOPMENT},
	volume = {Volume 4},
	number = {Issue 2},
	pages = {119-128},
	author = {Stefan Koenig and Juergen Sachau}
}

@article { lassy2533,
	year = {2008},
	title = {An architecture for e-learning system with computational intelligence},
	journal = {The Electronic Libray Journal},
	volume = {26},
	number = {Artificial intellige},
	pages = {318-328},
	author = {Marc El Alami and Nicolas Casel and Denis Zampunieris}
}

@article { lassy2534,
	year = {2008},
	title = {Implementation of Efficient Proactive Computing Using Lazy Evaluation in a Learning Management System},
	journal = {International Journal of Web-Based Learning and Teaching Technologies},
	volume = {3},
	pages = {103-109},
	author = {Denis Zampunieris}
}

@inproceedings { lassy2504,
	year = {2008},
	title = {A Product Line Perspective for Quality Reuse of Development Framework for Distributed Transactional Applications},
	booktitle = {QUality Oriented Reuse of Software (QUORS) Workshop, joint event of the IEEE 32 th Computer Software and Application Conference (COMPSAC)},
	publisher = {IEEE},
	pages = {206-349},
	author = {Barbara Gallina and Nicolas Guelfi}
}

@inproceedings { lassy2513,
	year = {2008},
	title = {Reconciling Automation and Flexibility in Product Derivation},
	booktitle = {12th International Software Product Line Conference (SPLC2008)},
	publisher = {IEEE Computer Society},
	pages = {339-348},
	author = {Gilles Perrouin and Jacques Klein and Nicolas Guelfi and Jean Marc Jezequel}
}

@inproceedings { lassy2487,
	year = {2008},
	title = {A Generic Weaver for supporting Product Lines},
	booktitle = {Early Aspects Workshop at E},
	author = {Brice Morin and Jacques Klein and Olivier Barais and Jean-Marc Jezequel}
}

@inproceedings { lassy2488,
	year = {2008},
	title = {Exploiting Service Oriented Architectures for the Design of e-Health systems},
	booktitle = {HealthInfo 2008, International Conference on Health Informatics},
	author = {Marcos Da Silveira and Nicolas Guelfi}
}

@inproceedings { lassy2489,
	year = {2008},
	title = {A survey of interoperability in e-Health systems: The European approach},
	booktitle = {HealthInfo 2008, International Conference on Health Informatics},
	author = {Marcos Da Silveira and Nicolas Guelfi and Jerry-David Baldacchino and Pierre Plumer and Marc Seil and Anke Wienecke}
}

@inproceedings { lassy2486,
	year = {2008},
	title = {Composing Multi-View Aspect Models},
	booktitle = {7th IEEE International Conference on Composition Based Software Systems},
	publisher = {IEEE},
	author = {Olivier Barais and Jacques Klein and Benoit Baudry and Andrew Jackson and Siobhan Clarke}
}

@inproceedings { lassy2490,
	year = {2008},
	title = {RESIST: A Platform to Support Medical Web-Services: A Case Study},
	booktitle = {Med-e-Tel 2008, The International Educational and Networking Forum for eHealth, Telemedicine and Health ICT},
	author = {Marcos Da Silveira and Nicolas Guelfi}
}

@inproceedings { lassy2505,
	year = {2008},
	title = {Selection, Evaluation and Generation of Test Cases in an Industrial Setting: a Process and a Tool},
	booktitle = {Testing: Academic \& Industrial Conference},
	publisher = {IEEE},
	pages = {47-51},
	author = {Nicolas Guelfi and Beno\^{\i}t Ries}
}

@inproceedings { lassy2510,
	year = {2008},
	title = {A Lightweight Approach for Defining the Formal Semantics of a Modeling Language},
	booktitle = {ACM/IEEE 11th International Conference on Model Driven Engineering Languages and Systems (MODELS 2008)},
	volume = {5301},
	publisher = {Springer Berlin / Heidelberg},
	pages = {690-704},
	author = {Pierre Kelsen and Qin Ma}
}

@inproceedings { lassy2522,
	year = {2008},
	title = {Addressing Degraded Service Outcomes and Exceptional Modes of Operation in Behavioural Models},
	booktitle = {RISE/EFTS Joint International Workshop on Software Engineering for REsilieNt systEms (SERENE)},
	publisher = {ACM digital library},
	author = {Sadaf Mustafiz and Jorg Kienzle and Andrey Berlizev}
}

@inproceedings { lassy2521,
	year = {2008},
	title = {CORRECT Analysis for Embedded System Modeling: An Outcome of East-West Scientific Cooperation},
	booktitle = {SEESE\'08 workshop},
	publisher = {IEEE digital library},
	pages = {23-30},
	author = {Andrey Berlizev and Nicolas Guelfi}
}

@inproceedings { lassy2527,
	year = {2008},
	title = {Indexing the Sustainability of Biomass},
	booktitle = {Proceedings of the 16th European Biomass Conference \& Exhibition},
	pages = {2388-2394},
	author = {Stefan Koenig and Juergen Sachau}
}

@inproceedings { lassy2524,
	year = {2008},
	title = {Opportunistic DTN Routing with Window-aware Adaptive Replication},
	booktitle = {Asian Internet Engineering Conference (AINTEC)},
	publisher = {ACM digital library},
	author = {G. Sandulescu and S. Nadjm-Tehrani}
}

@inproceedings { lassy2528,
	year = {2008},
	title = {Sustainability Measurement of Decentralized Biomass Energy Systems Resources in Coastal City Areas},
	booktitle = {Proceedings of the 1st Coastal Cities Summit 2008},
	publisher = {Coastal Cities Conference},
	author = {Stefan Koenig and Juergen Sachau}
}

@inproceedings { lassy2530,
	year = {2008},
	title = {Integrating Web 2.0 Features into a Learning Management System},
	booktitle = {ECEL08  the 7th European Conference on e-Learning},
	volume = {1},
	publisher = {Academic Publishing Limited Reading, UK},
	pages = {127-133},
	author = {Salim Boulakfouf and Denis Zampunieris}
}

@inproceedings { lassy2531,
	year = {2008},
	title = {Animal Neurophysiology Virtual Lab: Pedagogical Requirements And Technological Issues},
	booktitle = {IADIS08  International Conference on e-Learning},
	volume = {2},
	pages = {75-79},
	author = {Elvira Kachafoutdinova and Nicolas Casel and Gaetan Pecoraro and Denis Zampunieris}
}

@inproceedings { lassy2532,
	year = {2008},
	title = {Towards a Proactive Learning Management System Using Early Activity Detection},
	booktitle = {SITE08 - Society for Information Technology \& Teacher Education International Conference},
	volume = {1},
	publisher = {AACE},
	pages = {306-311},
	author = {Sergio Coronado and Denis Zampunieris}
}

@techreport { lassy2512,
	year = {2008},
	title = {A Product Line Perspective for Quality Reuse of Development Frameworks for Distributed Transactional Applications},
	author = {Barbara Gallina and Nicolas Guelfi}
}

@techreport { lassy2508,
	year = {2008},
	title = {A Formal Definition of the EP Language},
	author = {Pierre Kelsen and Qin Ma}
}

@techreport { lassy2509,
	year = {2008},
	title = {A Language for Domain Hierarchies with Applications to the Domain Integration Problem},
	author = {Pierre Kelsen and Qin Ma}
}

@techreport { lassy2537,
	year = {2008},
	title = {Designing Reliable Real-Time Concurrent Object-Oriented Software Systems using Coordinated Atomic Actions: first round},
	institution = {Laboratory for Advanced Software Systems, University of Luxembourg},
	location = {Luxembourg},
	author = {Alfredo Capozucca and Nicolas Guelfi}
}

@book { lassy2479,
	year = {2007},
	title = {Software Engineering of Fault Tolerant Systems},
	publisher = {World Scientific Publishing Co.},
	author = {Nicolas Guelfi and Patrizio Pelliccione and Henry Muccini and Alexander Romanovsky}
}

@book { lassy2480,
	year = {2007},
	title = {Rapid Integration of Software Engineering Techniques: Third International Workshop, RISE 2006, Geneva, Switzerland, September 13-15, 2006. Revised Selected Papers. Lecture Notes in Computer Science 44},
	publisher = {Springer},
	author = {Nicolas Guelfi and Didier Buchs}
}

@inbook { lassy2457,
	year = {2007},
	chapter = {Towards the Adaptive Web using Metadata Evolution},
	title = {Handbook of Research on Web Information Systems Quality},
	author = {Nicolas Guelfi and C'{\e}dric Pruski and Chantal Reynaud}
}

@inbook { lassy2466,
	year = {2007},
	chapter = {Adaptive-Gain Observers and Application},
	title = {Lecture Notes in Control Sciences},
	publisher = {Springer},
	author = {Nicolas Boizot and Eric Busvelle}
}

@inbook { lassy2481,
	year = {2007},
	chapter = {Software Engineering of Fault Tolerant Systems},
	title = {Software Engineering of Fault Tolerant Systems},
	publisher = {World Scientific Publishing Co.},
	pages = {1-30},
	author = {Nicolas Guelfi and Patrizio Pelliccione and Henry Muccini and Alexander Romanovsky}
}

@article { lassy2469,
	year = {2007},
	title = {Conception d'un cours de luxembourgeois en ligne : prise en compte de contraintes externes dans les choix méthodologiques et didactiques},
	journal = {Apprentissage des Langues et Systèmes d\'Information et de Communication},
	volume = {10},
	number = {Juin 2007},
	author = {Elvira Kachafoutdinova and Denis Zampuni'{\e}ris}
}

@inproceedings { lassy2454,
	year = {2007},
	title = {On the Integration of Mobility in a Fault-Tolerant e-HealthWeb Information System},
	booktitle = {2007 International Workshop on Web and Mobile Information Services (WAMIS\'07)},
	publisher = {IEEE CS Press as IEEE 21st AINA 2007 Workshops Proceedings},
	author = {Florencia Balbastro and Alfredo Capozucca and Nicolas Guelfi}
}

@inproceedings { lassy2455,
	year = {2007},
	title = {A Flexible Requirements Analysis Approach for Software Product Lines},
	booktitle = {13th International Working Conference on  Requirements Engineering:  Foundation for Software Quality (REFSQ 2007)},
	publisher = {Springer-Verlag},
	note = {LNCS 4542},
	pages = {78-92},
	author = {Nicolas Guelfi and Gilles Perrouin}
}

@inproceedings { lassy2458,
	year = {2007},
	title = {Les ontologies pour la recherche ciblée d'information sur le Web: une utilisation et extension d'OWL pour l'expansion de requetes},
	booktitle = {Ingnierie des Connaissances (IC 07)},
	author = {Nicolas Guelfi and C'{\e}dric Pruski and Chantal Reynaud}
}

@inproceedings { lassy2460,
	year = {2007},
	title = {Coordinated Atomic Actions for Dependable Distributed Systems: the Current State in Concepts, Semantics and Verification Means},
	booktitle = {The 18th IEEE International Symposium on Software Reliability Engineering (ISSRE 2007)},
	publisher = {IEEE},
	author = {Barbara Gallina and Nicolas Guelfi and Alexander Romanovsky}
}

@inproceedings { lassy2459,
	year = {2007},
	title = {A Template for Requirement Elicitation of Dependable Product Lines},
	booktitle = {13th International Working Conference on Requirements Engineering: Foundation for Software Quality (REFSQ 2007)},
	volume = {LNCS},
	publisher = {Spinger-Verlag},
	pages = {63-77},
	author = {Barbara Gallina and Nicolas Guelfi}
}

@inproceedings { lassy2462,
	year = {2007},
	title = {Understanding and Supporting Ontology Evolution by Observing the WWW Conference},
	booktitle = {International Workshop on Emergent Semantics and Ontology Evolution},
	author = {Nicolas Guelfi and C'{\e}dric Pruski and Chantal Reynaud}
}

@inproceedings { lassy2463,
	year = {2007},
	title = {Reusable Aspect Models},
	booktitle = {11th Workshop on Aspect Oriented Modeling, AOM at Models\'07},
	author = {Jacques Klein and Jörg Kienzle}
}

@inproceedings { lassy2464,
	year = {2007},
	title = {Engineering Fault-tolerance Requirements using Deviations and the FIDJI Methodology},
	booktitle = {Workshop on Methods, Models and Tools for Fault Tolerance},
	publisher = {University of Newcastle upon Tyne},
	author = {Andrey Berlizev and Nicolas Guelfi}
}

@inproceedings { lassy2465,
	year = {2007},
	title = {Adaptive Gain Extended Kalman Filter: Application to a Series-connected DC Motor},
	booktitle = {Systems and Controls CSC\'07},
	author = {Nicolas Boizot and Eric Busvelle and Jean-Paul Gauthier and Juergen Sachau}
}

@inproceedings { lassy2467,
	year = {2007},
	title = {High-gain Observers and Kalman Filtering in Hard Realtime},
	booktitle = {9th Real-Time Linux Workshop},
	author = {Nicolas Boizot and Eric Busvelle and Juergen Sachau}
}

@inproceedings { lassy2468,
	year = {2007},
	title = {A Declarative Executable Language based on OCL for Specifying the Behaviour of Platform-Independent Models},
	booktitle = {Ocl4All 2007 Workshop},
	author = {Pierre Kelsen and Elke Pulvermüller and Christian Glodt}
}

@inproceedings { lassy2470,
	year = {2007},
	title = {DEMOCLES: A Tool for Executable Modeling of Platform-Independent Systems},
	booktitle = {OOPSLA Companion},
	author = {Christian Glodt and Pierre Kelsen and Elke Pulvermüller}
}

@inproceedings { lassy2471,
	year = {2007},
	title = {Applying the Operator Hierarchy Concept to XSLT},
	booktitle = {XML-Tage in Berlin 2007 (XMLT 07)},
	author = {Daniel Fotsch and Elke Pulvermüller}
}

@inproceedings { lassy2472,
	year = {2007},
	title = {Constructing higher-level Transformation Languages based on XML},
	booktitle = {6th International Conference on New Software Methodologies, Tools, and Techniques (SoMeT 07)},
	publisher = {IOS Press},
	author = {Daniel Fotsch and Elke Pulvermüller}
}

@inproceedings { lassy2473,
	year = {2007},
	title = {A Capability Oriented Management Approach for Business Integration},
	booktitle = {1st International Conference on Business Process and Service Computing (BPSC\'07) as Part of Software, Agents and Services for Business, Research, and E-Sciences (SABRE)},
	author = {Elke Pulvermüller and Andr'{\e} Ludwig and Roman Belter and Dominik Zyskowski and Ulrich Heindl and Xuan~Thang Nguyen}
}

@inproceedings { lassy2474,
	year = {2007},
	title = {Regional Planning Decisions supported by a Strategic Cost Analysis and an Analysis of Potential of Biomass Resources},
	booktitle = {15th European Biomass Conference \& Exhibition},
	author = {Stefan König and Juergen Sachau}
}

@inproceedings { lassy2475,
	year = {2007},
	title = {Measuring the Sustainability of Biomass Resources - the Sustainable Biomass Index SBI},
	booktitle = {5th WSEAS International Conference on Environment, Ecosystems and Development},
	author = {Stefan König and Juergen Sachau}
}

@inproceedings { lassy2476,
	year = {2007},
	title = {Proactive e-Learning Management System},
	booktitle = {ICALT - IEEE International Conference on Advanced Learning Technologies},
	publisher = {IEEE Computer Society},
	pages = {645-646},
	author = {Denis Zampuni'{\e}ris}
}

@inproceedings { lassy2477,
	year = {2007},
	title = {An Architecture for E-Learning System with Computational Intelligence},
	booktitle = {KES - International Conference on Knowledge-Based and Intelligent Information \& Engineering Systems},
	volume = {4693},
	publisher = {Springer},
	pages = {58-65},
	author = {Marc El Alami and Nicolas Casel and Denis Zampuni'{\e}ris}
}

@inproceedings { lassy2478,
	year = {2007},
	title = {A new software architecture for learning managements systems with SCORM support},
	booktitle = {IADIS - International Conference on e-Learning},
	author = {Nicolas Casel and Marc El Alami and Damien Garot and Denis Zampuni'{\e}ris}
}

@inproceedings { lassy2482,
	year = {2007},
	title = {A Metadata-Based Architectural Model for Dynamically Resilient Systems},
	booktitle = {2007 ACM Symposium on Applied Computing (SAC)},
	publisher = {ACM 2007},
	pages = {566-573},
	author = {Giovanna Di Marzo Serugendo and John Fitzgerald and Alexander Romanovsky and Nicolas Guelfi}
}

@techreport { lassy2461,
	year = {2007},
	title = {Test Selection using Domain-specific and Domain-independent Reduction Rules: a 4+2 View Model},
	institution = {University of Luxembourg},
	location = {Luxembourg},
	author = {Beno\^{\i}t Ries}
}

@techreport { lassy2483,
	year = {2007},
	title = {Analysis and Framework-based Design of a Fault-Tolerant Web Information System for m-Health},
	institution = {University of Luxembourg},
	location = {Luxembourg},
	author = {Florencia Balbastro and Alfredo Capozucca and Nicolas Guelfi}
}

@techreport { lassy2484,
	year = {2007},
	title = {A Generic Framework for the Engineer},
	author = {Nicolas Guelfi and Giovanna Di Marzo Serugendo and John Fitzgerald and Alexander Romanovsky}
}

@inbook { lassy1957,
	year = {2006},
	chapter = {From UML Diagrams to B Specifications},
	title = {Software Specification Methods: An Overview Using a Case Study},
	publisher = {Hermes},
	location = {ISTE London},
	author = {R'{\e}gine Laleau and Amel Mammar}
}

@inbook { lassy2439,
	year = {2006},
	chapter = {The Fault-Tolerant Insulin Pump Therapy},
	title = {Rigorous Engineering of Fault-Tolerant Systems},
	edition = {LNCS 4157},
	publisher = {Springer-Verlag},
	location = {Berlin Heidelberg 2006},
	pages = {59-79},
	author = {Alfredo Capozucca and Nicolas Guelfi and Patrizio Pelliccione}
}

@article { lassy2432,
	year = {2006},
	title = {UB2SQL: A Tool for Building Database Applications Using UML and B Formal Method},
	journal = {Journal of Database Management},
	volume = {17, n 4},
	number = {October-December 200},
	pages = {70-89},
	author = {Amel Mammar and Règine Laleau}
}

@article { lassy2435,
	year = {2006},
	title = {On the use of Ontology for an Optimal Representation and Exploration of the Web},
	journal = {Journal of Digital Information Management},
	volume = {4},
	number = {3},
	author = {Nicolas Guelfi and C'{\e}dric Pruski}
}

@article { lassy2440,
	year = {2006},
	title = {A formal approach based on UML and B for the specification and development of database applications},
	journal = {Automated Software Engineering},
	volume = {13, Number 4},
	number = {October 2006},
	pages = {497-528},
	author = {Amel Mammar and R'{\e}gine Laleau}
}

@article { lassy2451,
	year = {2006},
	title = {Strategic Analysis of Sustainable Biomass Potential and Cost of Biomass Resources in regional spatial planning context},
	journal = {WSEAS Transactions on Environment and Development},
	author = {Stefan König and Jürgen Sachau}
}

@inproceedings { lassy2431,
	year = {2006},
	title = {CAA-DRIP: a framework for implementing Coordinated Atomic Actions},
	booktitle = {The 17th International Symposium on Software Reliability},
	publisher = {IEEE},
	author = {Alfredo Capozucca and Nicolas Guelfi and Patrizio Pelliccione and Alexander Romanovsky and Avelino Zorzo}
}

@inproceedings { lassy1962,
	year = {2006},
	title = {Structuring Business Nested Processes Using UML 2.0 Activity Diagrams and Translating into XPDL},
	booktitle = {Third GI-Workshop XML4BPN XML Integration and Transformation for Business Process Management in conjunction with Multikonferenz Wirtschaftinformatik},
	author = {Barbara Gallina and Nicolas Guelfi and Amel Mammar}
}

@inproceedings { lassy1960,
	year = {2006},
	title = {A Formal Framework to Generate XPDL Specifications from UML Activity diagrams},
	booktitle = {The 21st Annual ACM Symposium on Applied Computing},
	publisher = {ACM},
	author = {Nicolas Guelfi and Amel Mammar}
}

@inproceedings { lassy1969,
	year = {2006},
	title = {Towards Weaving Software Architecture Models},
	booktitle = {MBD-MOMPES 2006 Workshop to be held at ECBS 2006},
	author = {Davide Di Ruscio and Henry Muccini and Patrizio Pelliccione and Alfonso Pierantonio}
}

@inproceedings { lassy2443,
	year = {2006},
	title = {A Formal Approach and its Tool Support for the Specification and the Verification of Structural Properties on UML activity Diagrams},
	booktitle = {SERP\'06 - The 2006 International Conference on Software Engineering Research and Practice},
	author = {Amel Mammar}
}

@inproceedings { lassy2438,
	year = {2006},
	title = {Coherent Integration of Variability Mechanisms at the Requirements Elicitation and Analysis Levels},
	booktitle = {Workshop on Managing Variability for Software Product Lines: Working With Variability Mechanisms at 10th Software Product Line Conference},
	author = {Nicolas Guelfi and Gilles Perrouin}
}

@inproceedings { lassy2441,
	year = {2006},
	title = {DEMOS: A Tool for Declarative Executable Modeling of Object-Based Systems},
	booktitle = {OOPSLA \'06: Companion of the 21st annual ACM SIGPLAN conference on Object-oriented programming, systems, languages, and applications},
	publisher = {ACM Press},
	author = {Christian Glodt and Pierre Kelsen}
}

@inproceedings { lassy2442,
	year = {2006},
	title = {A Declarative Executable Model for Object-Based Systems Based on Functional Decomposition},
	booktitle = {ICSOFT06: Proceedings of the International Conference on Software and Data Technologies},
	pages = {63-68},
	author = {Pierre Kelsen}
}

@inproceedings { lassy2447,
	year = {2006},
	title = {Implementation of a Proactive Learning Management System},
	booktitle = {E-Learn - World Conference on E-Learning in Corporate, Government, Healthcare \& Higher Education},
	author = {Denis Zampuni'{\e}ris}
}

@inproceedings { lassy2448,
	year = {2006},
	title = {Implementation of efficient proactive computing using lazy evaluation in a learning management system},
	booktitle = {m-ICTE - International Conference on Multimedia and Information \& Communication Technologies in Education},
	author = {Denise Zampunieris}
}

@inproceedings { lassy2449,
	year = {2006},
	title = {CALCULATING THE POTENTIAL OF BIOMASS FOR A SUSTAINABLE ENERGETIC USE},
	booktitle = {IASTED International Conference on European Power and Energy Systems EuroPES2006},
	pages = {344-349},
	author = {Stefan König and Jürgen Sachau}
}

@inproceedings { lassy2450,
	year = {2006},
	title = {Planning Alternatives for biomass production by a Strategic Cost Analysis of
biomass resources},
	booktitle = {WSEAS International Conference on Environment, Ecosystems and Development EED\'06},
	author = {Stefan König and Jürgen Sachau}
}

@inproceedings { lassy2452,
	year = {2006},
	title = {Systematic Identification of Preconditions from Set-Based Integrity Constraints},
	booktitle = {INFORSID\'06: INFormatique des ORganisations et Systèmes d\'Information et de D'{\e}cision},
	author = {Amel Mammar and Fr'{\e}d'{\e}ric Gervais and R'{\e}gine Laleau}
}

@techreport { lassy1974,
	year = {2006},
	title = {CORRECT Project Annual Activity Report 2005},
	institution = {Faculty of Science, Technology and Communication, Luxembourg-Kirchberg},
	location = {Luxembourg-Kirchberg, Luxembourg},
	author = {Andrey Berlizev and Alfredo Capozucca and Barbara Gallina and Nicolas Guelfi and Patrizio Pelliccione and Alexander}
}

@techreport { lassy1978,
	year = {2006},
	title = {Architecting Software Systems using Model Transformation and Architectural Frameworks (BFR 2nd year Synthesis Report)},
	institution = {University of Luxembourg, Faculty of Science, Technology and Communication},
	location = {Luxembourg-Kirchberg, Luxembourg},
	author = {Gilles Perrouin}
}

@techreport { lassy1979,
	year = {2006},
	title = {The Fault-Tolerant Insulin Pump Therapy},
	institution = {LASSY},
	location = {Luxembourg},
	author = {Alfredo Capozucca and Nicolas Guelfi and Patrizio Pelliccione}
}

@techreport { lassy1981,
	year = {2006},
	title = {CAA-DRIP: a framework for implementing Coordinated Atomic Actions},
	institution = {LASSY},
	location = {Luxembourg},
	author = {Alfredo Capozucca and Nicolas Guelfi and Patrizio Pelliccione and Alexander Romanovsky and Avelino Zorzo}
}

@techreport { lassy2425,
	year = {2006},
	title = {EFTS 2006},
	subtitle = {First International Workshop on Engineering of Fault Tolerant Systems},
	location = {Luxembourg-Kirchberg, Luxembourg},
	author = {Patrizio Pelliccione and Henry Muccini and Nicolas Guelfi and Alexander Romanovsky}
}

@techreport { lassy2436,
	year = {2006},
	title = {A Template for Product Line Requirement Elicitation (To be published)},
	institution = {University of Luxembourg},
	author = {Barbara Gallina and Nicolas Guelfi and Andreea Monnat and Gilles Perrouin}
}

@techreport { lassy2437,
	year = {2006},
	title = {Study of Knowledge Representation Languages and Knowledge Evolution},
	institution = {Luxembourg University, Faculty of Sciences, Technology and Communication and Paris-Sud University},
	author = {C'{\e}dric Pruski}
}

@techreport { lassy1977,
	year = {2006},
	title = {Generating B preconditions from typical IS invariants},
	institution = {University of Luxembourg},
	author = {Amel Mammar and Fr'{\e}d'{\e}ric Gervais and R'{\e}gine Laleau}
}

@techreport { lassy2444,
	year = {2006},
	title = {Architecting Software Systems using Model Transformation and Architectural Frameworks (BFR 3rd year Intermediary Report)},
	institution = {University of Luxembourg, Faculty of Science, Technology and Communication},
	location = {Luxembourg-Kirchberg, Luxembourg},
	author = {Gilles Perrouin}
}

@techreport { lassy2453,
	year = {2006},
	title = {SESAME: Specification-based Testing of Safety-critical Small-sized Embedded Systems - BFR First Semester Activity Report},
	institution = {University of Luxembourg},
	location = {Luxembourg},
	author = {Beno\^{\i}t Ries}
}

@techreport { lassy2456,
	year = {2006},
	title = {Fault Tolerant Systems for Mobile Devices},
	institution = {University of Luxembourg},
	location = {Luxembourg},
	note = {TR\_LASSY\_06\_16},
	author = {Florencia Balbastro}
}

@article { lassy1913,
	year = {2005},
	title = {From a B Formal Specification to an Executable Code: Application to the Relational Database Domain},
	journal = {Information and Software Technology},
	author = {Amel Mammar and R'{\e}gine Laleau}
}

@article { lassy1973,
	year = {2005},
	title = {Reduced Pole Placement Method for Cascaded Frequency Control via Dispersed Pulse Inverters},
	journal = {European Transactions on Electrical Power (ETEP)},
	volume = {15},
	number = {4},
	pages = {343-350},
	author = {J. Sachau}
}

@inproceedings { lassy1789,
	year = {2005},
	title = {Resolving architectural mismatches of COTS through architectural reconciliation},
	booktitle = {The International Conference on COTS-Based Software Systems (ICCBSS)},
	publisher = {Springer-Verlag},
	author = {Paris Avgeriou and Nicolas Guelfi}
}

@inproceedings { lassy1927,
	year = {2005},
	title = {The Fault-Tolerant Insulin Pump Therapy},
	booktitle = {Workshop on Rigorous Engineering of Fault Tolerant Systems Event Information, in conjunction with Formal Methods 2005},
	author = {Alfredo Capozucca and Nicolas Guelfi and Patrizio Pelliccione}
}

@inproceedings { lassy1928,
	year = {2005},
	title = {Modeling Exception Handling: a UML2.0 Platform Independent Profile for CAA},
	booktitle = {Proceedings of ECOOP 2005 Workshop on Exception Handling in Object Oriented Systems},
	publisher = {Department of Computer Science. LIRMM; Montpellier-II University},
	author = {Alfredo Capozucca and Barbara Gallina and Nicolas Guelfi and Patrizio Pelliccione}
}

@inproceedings { lassy1935,
	year = {2005},
	title = {SCTL: A StateChart Transformation Language for Test Sets Reduction},
	booktitle = {ERCIM Workshop on Dependable Software Intensive Embedded Systems, workshop of the 31st EUROMICRO Conference on Software Engineering and Advanced Applications},
	publisher = {ERCIM},
	author = {Nicolas Guelfi and Beno\^{\i}t Ries}
}

@inproceedings { lassy1947,
	year = {2005},
	title = {DUALLY: Putting in Synergy UML 2.0 and ADLs},
	booktitle = {5th IEEE/IFIP Working Conference on Software Architecture (WICSA 2005).},
	author = {P. Inverardi and H. Muccini and P. Pelliccione}
}

@inproceedings { lassy1956,
	year = {2005},
	title = {Efficient: A Toolset for Building Trusted B2B Transactions},
	booktitle = {17th Conference on Advanced Information Systems Engineering (CAISE\'05)},
	publisher = {Springer Verlag (LNCS)},
	author = {Amel Mammar and Sophie Ramel and Bertrand Gr'{\e}goire and Michael Schmitt and Nicolas Guelfi}
}

@inproceedings { lassy1952,
	year = {2005},
	title = {A Formal Semantics of Timed Activity Diagrams and its PROMELA Translation},
	booktitle = {APSEC\'2005: Asia Pacific Software Engineering Conference},
	publisher = {IEEE Computer Society Press},
	author = {Nicolas Guelfi and Amel Mammar}
}

@techreport { lassy1954,
	year = {2005},
	title = {An Optimal Algorithm for the Interpretation of First-Order Logic Formulae on the Web based on Graph Semantics},
	institution = {Software Engineering Competence Center - University of Luxembourg},
	location = {Luxembourg-Kirchberg, Luxembourg},
	author = {C'{\e}dric Pruski}
}

@techreport { lassy1900,
	year = {2005},
	title = {FIDJI Project Annual Activity Report 2004},
	institution = {University of Luxembourg, Faculty of Science, Technology and Communication},
	location = {Luxembourg-Kirchberg, Luxembourg},
	author = {Nicolas Guelfi and Gilles Perrouin and C'{\e}dric Pruski and Paul Sterges}
}

@techreport { lassy1902,
	year = {2005},
	title = {Architecting Software Systems using Model Transformation and Architectural Frameworks (BFR 1st year final Report)},
	institution = {University of Luxembourg, Faculty of Science, Technology and Communication},
	location = {Luxembourg-Kirchberg, Luxembourg},
	author = {Gilles Perrouin}
}

@techreport { lassy1911,
	year = {2005},
	title = {CORRECT Project 2004 Annual Activity Report},
	institution = {SE2C-University of Luxembourg},
	location = {Luxembourg},
	author = {Nicolas Guelfi and Reza Razavi}
}

@techreport { lassy1934,
	year = {2005},
	title = {On the Characterization of Abstraction Rules for the Automatic Transformation of Small-sized Embedded Systems Specifications},
	institution = {University of Luxembourg},
	location = {Luxembourg-Kirchberg, Luxembourg},
	author = {Beno\^{\i}t Ries}
}

@techreport { lassy1958,
	year = {2005},
	title = {Architecting Software Systems using Model Transformation and Architectural Frameworks (BFR 2nd year intermediary Report)},
	institution = {University of Luxembourg, Faculty of Science, Technology and Communication},
	location = {Luxembourg-Kirchberg, Luxembourg},
	author = {Gilles Perrouin}
}

@techreport { lassy1903,
	year = {2005},
	title = {Génération de code �  partir d'une spécification B : Application aux bases de données},
	institution = {University of Luxembourg},
	author = {Amel Mammar and R'{\e}gine Laleau}
}

@techreport { lassy1959,
	year = {2005},
	title = {Structuring Business Nested Processes Using UML 2.0 Activity Diagrams and Translating into XPDL},
	institution = {University of Luxembourg},
	location = {Luxembourg},
	author = {Barbara Gallina}
}

@techreport { lassy1980,
	year = {2005},
	title = {An Architecture-driven Methodology for Developing Fault-Tolerant Systems},
	institution = {SE2C},
	location = {Luxembourg},
	author = {Alfredo Capozucca and Nicolas Guelfi and Patrizio Pelliccione and Henry Muccini}
}

@inproceedings { lassy1813,
	year = {2004},
	title = {Generation de code executable  a partir d'une specification B : application aux bases de donnees},
	booktitle = {Approches Formelles dans l\'Assistance su D'{\e}veloppement de Logiciels (AFADL\'2004)},
	pages = {77-91},
	author = {Amel Mammar and R'{\e}gine Laleau}
}

@inproceedings { lassy975,
	year = {2004},
	title = {A Study of Mobile Internet Technologies for Secure e-commerce Applications Development},
	booktitle = {Techniques and Applications for Mobile Commerce (TAMOCO) part of Multi-Konferenz Wirtschaftsinformatik 2004},
	publisher = {infix},
	pages = {194-203},
	author = {Nicolas Guelfi and C'{\e}dric Pruski and Beno\^{\i}t Ries}
}

@inproceedings { lassy1521,
	year = {2004},
	title = {Using Model Transformation and Architectural Frameworks to Support the Software Development Process: the FIDJI Approach},
	booktitle = {2004 Midwest Software Engineering Conference},
	publisher = {DePaul University},
	author = {Nicolas Guelfi and Gilles Perrouin}
}

@inproceedings { lassy1731,
	year = {2004},
	title = {A Formal Approach for the Specification and the Verification of UML Structural Properties: Application to E-Business Domain},
	booktitle = {International Workshop on Software Verification and Validation (SVV 2004), workshop of ICFEM\'04},
	author = {Nicolas Guelfi and Amel Mammar and Beno\^{\i}t Ries}
}

@inproceedings { lassy1746,
	year = {2004},
	title = {Patterns for documenting software architectures},
	booktitle = {Ninth European Conference on Pattern Languages of Programs (EuroPLOP)},
	author = {Paris Avgeriou and Nicolas Guelfi and Reza Razavi and }
}

@inproceedings { lassy1765,
	year = {2004},
	title = {Evolution Through Architectural Reconciliation},
	booktitle = {workshop on "Software Evolution Through Transformations" (SETra) 2004},
	publisher = {Electronic Notes in Theoritical Computer Science},
	note = {vol. 127-3},
	author = {Paris Avgeriou and Nicolas Guelfi and Gilles Perrouin}
}

@inproceedings { lassy1773,
	year = {2004},
	title = {Engineering of Dependable Complex Business Processes using UML and Coordinated Atomic Actions},
	booktitle = {International Workshop on Modeling Inter-Organizational Systems (MIOS\'04)},
	publisher = {Springer},
	pages = {468-482},
	author = {Nicolas Guelfi and Guillaume Le Cousin and Beno\^{\i}t Ries}
}

@inproceedings { lassy1812,
	year = {2004},
	title = {Software Architecture Description and UML},
	booktitle = {UML Modeling Languages and Applications, UML 2004 Satellite Activities},
	publisher = {Springer-Verlag},
	note = {LNCS 3297},
	author = {Paris Avgeriou and Nicolas Guelfi and Nenad Medvidovic}
}

@inproceedings { lassy1814,
	year = {2004},
	title = {UML2SQL : Un Environnement Intégré pour le Développement d'Implémentations Relationnelles �  partir de Diagrammes UMLl},
	booktitle = {Approches Formelles dans l\'Assistance au D'{\e}veloppement de Logiciels (AFADL\'04)},
	pages = {333-336},
	author = {Amel Mammar and R'{\e}gine Laleau}
}

@inproceedings { lassy1816,
	year = {2004},
	title = {DRIP Catalyst: An MDE/MDA Method for Fault-tolerant Distributed Software Families Development},
	booktitle = {OOPSLA \& GPCE 2004 Workshop on Best Practices for Model Driven Software Development},
	author = {Nicolas Guelfi and Reza Razavi and Alexander Romanovsky and S'{\e}bastien Vandenbergh}
}

@techreport { lassy1222,
	year = {2004},
	title = {FIDJI Project Annual Activity Report 2003},
	institution = {University of Luxembourg, Faculty of Science, Technology and Communication},
	location = {Luxembourg-Kirchberg, Luxembourg},
	author = {Nicolas Guelfi and Gilles Perrouin and Beno\^{\i}t Ries and Paul Sterges}
}

@techreport { lassy1569,
	year = {2004},
	title = {CORBA 3 Description},
	institution = {University of Luxembourg, Faculty of Science, Technology and Communication},
	location = {Luxembourg-Kirchberg, Luxembourg},
	author = {C'{\e}dric Pruski}
}

@techreport { lassy1792,
	year = {2004},
	title = {Structural Properties on UML Diagram for the Description of e-business Transaction},
	institution = {University of Luxenbourg},
	author = {Amel Mammar}
}

@techreport { lassy1800,
	year = {2004},
	title = {A Formal Approach for the Verification of E-business Processes Using The Promela Language},
	institution = {SE2C, University of Luxembourg},
	location = {Luxembourg},
	author = {Amel Mammar and Nicolas Guelfi}
}

@techreport { lassy1901,
	year = {2004},
	title = {Architecting Software Systems using Model Transformation and Architectural Frameworks (BFR intermediary Report)},
	institution = {University of Luxembourg, Faculty of Science, Technology and Communication},
	location = {Luxembourg-Kirchberg, Luxembourg},
	author = {Gilles Perrouin}
}

@techreport { lassy1905,
	year = {2004},
	title = {CORRECT Project Proposal Summary Adapted from the Full Proposal written by N. Guelfi and A. Romanovsky},
	institution = {SE2C-University of Luxembourg},
	location = {Luxembourg},
	author = {Reza Razavi}
}

@techreport { lassy1906,
	year = {2004},
	title = {Three Distributed Fault-Tolerant Healthcare Case Studies},
	institution = {SE2C-University of Luxembourg},
	location = {Luxembourg},
	author = {Alfredo Capozucca and Nicolas Guelfi and Reza Razavi and Alexander Romanovsky and S'{\e}bastien Vandenbergh}
}

@techreport { lassy1907,
	year = {2004},
	title = {Overview of the DRIP Catalyst Method},
	institution = {SE2C-University of Luxembourg},
	location = {Luxembourg},
	author = {Alfredo Capozucca and Nicolas Guelfi and Reza Razavi and Alexander Romanovsky and S'{\e}bastien Vandenbergh}
}

@techreport { lassy1908,
	year = {2004},
	title = {Towards a UML-based Notation for CAAs},
	institution = {SE2C-University of Luxembourg},
	location = {Luxembourg},
	author = {Alfredo Capozucca and Nicolas Guelfi and Reza Razavi}
}

@techreport { lassy1909,
	year = {2004},
	title = {CORRECT MDA Tool - Release 1},
	institution = {SE2C-University of Luxembourg},
	location = {Luxembourg},
	author = {Nicolas Guelfi and Reza Razavi and S'{\e}bastien Vandenbergh}
}

@techreport { lassy1910,
	year = {2004},
	title = {DRIP Users' Guide and Theoretical Case Studies},
	institution = {SE2C-University of Luxembourg},
	location = {Luxembourg},
	author = {Alfredo Capozucca and Nicolas Guelfi and Reza Razavi and Alexander Romanovsky}
}

@techreport { lassy1716,
	year = {2004},
	title = {State of the Art on Modeling Distributed Fault-tolerant Systems},
	institution = {Software Engineering Competence Center of the University of Luxembourg},
	location = {Luxembourg},
	author = {Guillaume Le Cousin}
}

@inproceedings { lassy238,
	year = {2003},
	title = {Supporting Model-to-Model Transformations:  the VMT approach},
	booktitle = {MDAFA\'03},
	author = {Shane Sendall and Gilles Perrouin and Nicolas Guelfi and Olivier Biberstein}
}

@inproceedings { lassy886,
	year = {2003},
	title = {Design of an Automatic Prover Dedicated to the Refinement of Database Applications},
	booktitle = {FM\'03},
	volume = {2805},
	publisher = {LNCS},
	pages = {835-854},
	author = {A. Mammar and R. Laleau}
}

@techreport { lassy341,
	year = {2003},
	title = {Design and Implementation of an Architectural Framework (JAFAR)},
	institution = {Luxembourg University of Applied Sciences},
	location = {Luxembourg-Kirchberg, Luxembourg},
	author = {Sylvain Chabert}
}

@techreport { lassy223,
	year = {2003},
	title = {Mobile Internet Market Study for Embedded Java Applications},
	institution = {Luxembourg University of Applied Sciences},
	location = {Luxembourg-Kirchberg, Luxembourg},
	author = {C'{\e}dric Pruski}
}

@techreport { lassy207,
	year = {2003},
	title = {State of Art on Architectural Frameworks},
	institution = {Luxembourg University of Applied Sciences},
	location = {Luxembourg-Kirchberg, Luxembourg},
	author = {Sylvain Chabert}
}

@techreport { lassy976,
	year = {2003},
	title = {LUXDEAL GSM Interface Study},
	institution = {Luxembourg University of Applied Sciences},
	location = {Luxembourg-Kirchberg, Luxembourg},
	author = {C'{\e}dric Pruski}
}

@techreport { lassy1520,
	year = {2003},
	title = {Synthèse des architectures e-business pour le projet ACCES-PME},
	institution = {Luxembourg University, Faculty of Sciences, Technology and Communication},
	location = {Luxembourg-Kirchberg, Luxembourg},
	author = {Nicolas Guelfi and C'{\e}dric Pruski and Reza Razavi}
}

@techreport { lassy210,
	year = {2003},
	title = {MEDAL 1.0 Reference},
	institution = {Luxembourg University of Applied Sciences},
	location = {Luxembourg-Kirchberg, Luxembourg},
	author = {Nicolas Guelfi and Gilles Perrouin and Paul Sterges and Beno\^{\i}t Ries and Shane Sendall}
}

@techreport { lassy259,
	year = {2003},
	title = {JAFAR2 Software Requirements Specifications},
	institution = {Luxembourg University of Applied Sciences},
	location = {Luxembourg-Kirchberg, Luxembourg},
	author = {Sylvain Chabert and Beno\^{\i}t Ries}
}

@techreport { lassy212,
	year = {2003},
	title = {FIDJI Project Annual Activity Report 2002},
	institution = {Luxembourg University of Applied Sciences},
	location = {Luxembourg-Kirchberg, Luxembourg},
	author = {Nicolas Guelfi and Gilles Perrouin and Beno\^{\i}t Ries and Paul Sterges}
}

@techreport { lassy632,
	year = {2003},
	title = {JAFAR2: an Extensible J2EE Architectural Framework for Web Applications},
	institution = {Luxembourg University of Applied Sciences},
	location = {Luxembourg-Kirchberg, Luxembourg},
	author = {Nicolas Guelfi and Beno\^{\i}t Ries and Paul Sterges}
}

@techreport { lassy802,
	year = {2003},
	title = {LuxDeal Software Requirements Specifications},
	institution = {Luxembourg University of Applied Sciences},
	location = {Luxembourg-Kirchberg, Luxembourg},
	author = {Catalin Amza and C'{\e}dric Pruski and Beno\^{\i}t Ries}
}

@techreport { lassy1397,
	year = {2003},
	title = {Improving Architectural Framework-based Development Using Model Transformation: The FIDJI Approach},
	institution = {Faculty of Science, Technology and Communication, Luxembourg-Kirchberg},
	location = {Luxembourg},
	author = {Nicolas Guelfi and Gilles Perrouin and Beno\^{\i}t Ries}
}

@inproceedings { lassy214,
	year = {2002},
	title = {Rigourous Engineering of Software Architectures: Integrating ADLs, UML and Development Methodologies},
	booktitle = {The 6th Annual IASTED International Conference on Software Engineering and Applications},
	publisher = {ACTA Press},
	pages = {523-529},
	author = {Nicolas Guelfi and Gilles Perrouin}
}

@inproceedings { lassy197,
	year = {2002},
	title = {Using and Specializing a Pattern-Based E-business Framework: An Auction Case Study},
	booktitle = {The 6th Annual IASTED International Conference on Software Engineering and Applications},
	publisher = {ACTA Press},
	pages = {512-522},
	author = {Nicolas Guelfi and Beno\^{\i}t Ries}
}

@inproceedings { lassy198,
	year = {2002},
	title = {JAFAR: Detailed Design of a Pattern-based J2EE Framework},
	booktitle = {The 6th Annual IASTED International Conference on Software Engineering and Applications},
	publisher = {ACTA Press},
	pages = {331-337},
	author = {Nicolas Guelfi and Paul Sterges}
}

@techreport { lassy204,
	year = {2002},
	title = {Detailed Design of a Pattern Based J2EE Framework},
	institution = {Luxembourg University of Applied Sciences},
	location = {Luxembourg-Kirchberg, Luxembourg},
	author = {Paul Sterges}
}

@techreport { lassy199,
	year = {2002},
	title = {FIDJI Project Annual Activity Report 2001},
	institution = {Luxembourg University of Applied Sciences},
	location = {Luxembourg-Kirchberg, Luxembourg},
	author = {Nicolas Guelfi and Djebar Hammouche and Paul Sterges and Olivier Biberstein}
}

@techreport { lassy217,
	year = {2002},
	title = {Rigorous Engineering of Software Architectures: Integrating ADLs, UML and Development Methodologies},
	institution = {Luxembourg University of Applied Sciences},
	location = {Luxembourg-Kirchberg, Luxembourg},
	author = {Gilles Perrouin}
}

@techreport { lassy385,
	year = {2002},
	title = {JAFAR: Detailed Design of a Pattern-based J2EE Framework},
	institution = {Luxembourg University of Applied Sciences},
	location = {Luxembourg-Kirchberg, Luxembourg},
	author = {Nicolas Guelfi and Paul Sterges}
}

@techreport { lassy387,
	year = {2002},
	title = {Rigourous Engineering of Software Architectures: Integrating ADLs, UML and Development Methodologies},
	institution = {Luxembourg University of Applied Sciences},
	location = {Luxembourg-Kirchberg, Luxembourg},
	author = {Nicolas Guelfi and Gilles Perrouin}
}

@techreport { lassy205,
	year = {2002},
	title = {User Guide of a Pattern Based E-Business Framework},
	institution = {Luxembourg University of Applied Sciences},
	location = {Luxembourg-Kirchberg, Luxembourg},
	author = {Paul Sterges and Beno\^{\i}t Ries}
}

@techreport { lassy216,
	year = {2002},
	title = {Architectural Framework for the FIDJI Project},
	institution = {Luxembourg University of Applied Sciences},
	location = {Luxembourg-Kirchberg, Luxembourg},
	author = {Beno\^{\i}t Ries}
}

@techreport { lassy206,
	year = {2002},
	title = {Using and Specializing a Pattern Based E-Business Framework: The PCOA case study},
	institution = {Luxembourg University of Applied Sciences},
	location = {Luxembourg-Kirchberg, Luxembourg},
	author = {Beno\^{\i}t Ries and Paul Sterges}
}

@techreport { lassy215,
	year = {2002},
	title = {FIDJI Project Overview},
	institution = {Luxembourg University of Applied Sciences},
	location = {Luxembourg-Kirchberg, Luxembourg},
	author = {Gilles Perrouin and Nicolas Guelfi and Djebar Hammouche and Beno\^{\i}t Ries and Paul Sterges}
}

@techreport { lassy386,
	year = {2002},
	title = {Using and Specializing JAFAR a Pattern-based J2EE Framework},
	institution = {Luxembourg University of Applied Sciences},
	location = {Luxembourg-Kirchberg, Luxembourg},
	author = {Nicolas Guelfi and Beno\^{\i}t Ries}
}

@inproceedings { lassy921,
	year = {2000},
	title = {An Overview of a Method and its support Tool for Generating B Specifications from UML Notations},
	booktitle = {Proceedings 15th IEEE Int. Conf. on Automated Software Engineering (ASE2000)},
	author = {R. Laleau and A. Mammar}
}

