@book{CouncilOfEurope-CEFR,
  title={Common European Framework of Reference for Languages: learning, teaching, assessment: case studies},
  author={{Council of Europe}},
  year={2002},
  publisher={Council of Europe}
}

@misc{ISO-9241-10-HCI-Dialogue,
    author = {International Organization for Standardization ISO},
    booktitle = {ISO 9241-110},
    citeulike-article-id = {8856858},
    posted-at = {2011-02-20 17:10:31},
    priority = {2},
    title = {{Ergonomics of Human-System-Interaction; Part 110: Dialogue Principles}},
    year = {2006}
}

@techreport{ISO-9241-11-Usability,
    address = {Geneva},
    institution = {International Organization for Standardization},
    title = {{ISO 9241-11: Ergonomic requirements for office work with visual display terminals (VDTs) - Part 11 : Guidance on usability}},
    year = {1998}
}

@techreport{ISO-9241-13-Guidance,
    address = {Geneva},
    institution = {International Organization for Standardization},
    title = {{ISO 9241-13: Ergonomic requirements for office work with visual display terminals (VDTs) - Part 13 : User guidance}},
    year = {1998}
}

@techreport{ISO-9241-12-Presentation,
    address = {Geneva},
    institution = {International Organization for Standardization},
    title = {{ISO 9241-11: Ergonomic requirements for office work with visual display terminals (VDTs) - Part 12: Presentation of information}},
    year = {1998}
}




@Misc{guelfi-2016-measuring-swebok-coverage,
  title={Measuring the SWEBOK Coverage: An Approach and a Tool},
  author={Guelfi, Nicolas and Capozucca,Alfredo and Ries,Benoit},
  booktitle={SWEBoK Evolution - Virtual Town Hall Meeting},
  year={2016},
  organization={IEEE},
  howpublished = {\url{https://www.computer.org/web/peb/swebok-evolution}},
  note = {virtual presentation of accepted peer reviewed paper}
  }


@inproceedings{sindre-2003-cross-SE-project,
  title={The cross-course software engineering project at the NTNU: four years of experience},
  author={Sindre, Guttorm and Stalhane, Tor and Brataas, Gunnar and Conradi, Reidar},
  booktitle={Software Engineering Education and Training, 2003.(CSEE\&T 2003). Proceedings. 16th Conference on},
  pages={251--258},
  year={2003},
  organization={IEEE}
}

@inproceedings{bavota-2012-teaching-SE-project,
  title={Teaching software engineering and software project management: An integrated and practical approach},
  author={Bavota, Gabriele and De Lucia, Andrea and Fasano, Fausto and Oliveto, Rocco and Zottoli, Carlo},
  booktitle={Proceedings of the 34th International Conference on Software Engineering},
  pages={1155--1164},
  year={2012},
  organization={IEEE Press}
}

@article{bruegge-2015-project-course-with-industry,
  title={Software engineering project courses with industrial clients},
  author={Bruegge, Bernd and Krusche, Stephan and Alperowitz, Lukas},
  journal={ACM Transactions on Computing Education (TOCE)},
  volume={15},
  number={4},
  pages={17},
  year={2015},
  publisher={ACM}
}

@inproceedings{bernhart-2006-dimensions,
  title={Dimensions of software engineering course design},
  author={Bernhart, Mario and Grechenig, Thomas and Hetzl, Jennifer and Zuser, Wolfgang},
  booktitle={Proceedings of the 28th international conference on Software engineering},
  pages={667--672},
  year={2006},
  organization={ACM}
}

@inproceedings{ghezzi-2005-challenges,
  title={The challenges of software engineering education},
  author={Ghezzi, Carlo and Mandrioli, Dino},
  booktitle={International Conference on Software Engineering},
  pages={115--127},
  year={2005},
  organization={Springer}
}

@article{pyster-2009-aster,
  title={Master's Degrees in Software Engineering: An Analysis of 28 University Programs},
  author={Pyster, Arthur and Turner, Richard and Henry, Devanandham and Lasfer, Kahina and Bernstein, Larry},
  journal={IEEE software},
  volume={26},
  number={5},
  pages={94--101},
  year={2009},
  publisher={IEEE}
}

@Misc{USC-BCS-15-link,
  author = {{California State University}},
  title = {Bachelor in Computer science},
  year = 2015,
  howpublished = {\url{http://catalogue.usc.edu/preview_program.php?catoid=2&poid=1486}},
  note = {Accessed: 2015-06-05}
}

@Misc{ULB-BCS-15-link,
  author = {{Universit√© Libre de Bruxelles}},
  title = {Bachelor in Computer science},
  year = 2015,
  howpublished = {\url{http://banssbfr.ulb.ac.be/PROD_frFR/bzscrse.p_disp_prog_detail?term_in=201415&prog_in=BA-INFO&lang=FRENCH#cursus_section}},
  note = {Accessed: 2015-06-05}
}

@Misc{MSU-BCS-15-link,
  author = {{Michigan State University}},
  title = {Bachelor in Computer science},
  year = 2015,
  howpublished = {\url{http://www.cse.msu.edu/Resources/CSECourseInformation.php}},
  note = {Accessed: 2015-06-05}
}

@Misc{UL-SEP-BINFO-16-link,
  author = {{University of Luxembourg}},
  title = {Bachelor in Informatics - Software Engineering Project and Software Engineering II Courses},
  year = 2016,
  howpublished = {\url{http://messir.uni.lu:8090/confluence/display/EXCALIBUR/Students}},
  note = {Accessed: 2016-05-01}
}


@Misc{CMU-SV-SEP-MS-16-link,
  author = {{Carnegie Mellon University}},
  title = {Master in Software Engineering - Foundations of Software Engineering Project Course},
  year = 2016,
  howpublished = {\url{http://www.ece.cmu.edu/courses/items/18652SV.html}},
  note = {Accessed: 2016-05-01}
}
